1920 2978
256 145 865 202 τιε.1Χ.οΑΡ.29-32.207

65 251 244 326 Ποτιδαιήτας
259 255 304 312 καὶ
313 251 492 330 Ορχομενίους
509 278 537 312 τε
553 279 597 313 και
588 257 770 325 Σικυωνίους.
798 256 863 332 Μή-

65 339 118 395 δων
140 338 168 394 δέ
189 340 324 412 ἐχομένους
346 338 419 404 ἔταξε
436 342 593 414 Βακτρίους
615 342 687 397 οὑτοι
709 342 768 398 δι”
754 347 865 416 επέσχον

60 415 241 496 Επιδαυρίους
261 442 289 477 τε
306 421 351 477 καὶ
371 424 531 496 Τροιζηνίους
546 423 591 478 καὶ
606 420 759 498 Λεπρεήτας
775 448 803 482 τε
820 428 865 483 καὶ

67 505 224 579 Ίὶρυνθίους
241 505 285 560 καὶ
298 507 467 574 Μυκηναίους
483 527 512 562 τε
523 527 568 562 και
559 505 730 571 Φλιασίους.
757 504 822 582 μετὰ
837 511 865 566 δέ

64 585 245 692 Βακτρίους”
229 607 322 656 εστησε
336 582 445 651 Ἰνδούς·
468 609 540 645 ουτοι
556 589 584 645 δέ
596 591 707 660 ἐπέσχον
717 586 865 666 Ἑρμιονέας

64 691 92 728 τε
104 691 149 727 και
139 665 298 745 Ἐρετριέας
310 691 356 726 και
346 668 483 746 Στυρέας
495 692 524 728 τε
536 693 579 728 και
570 671 765 738 “Χαλκιδέας.·
776 668 865 730 Ἰνδῶν

64 754 92 810 δέ
104 753 257 829 ἐχομένους
252 748 342 817 Σοίκας
355 752 440 821 ἔταξε,
464 777 491 811 οι
478 751 637 827 “ἐπέσχον’
631 752 822 862 Αμπρακιήτας
836 778 864 813 τε

63 831 294 910 καὶἍνακτορίους
310 858 355 893 και
345 834 524 904 Λευκαδίους
540 861 585 895 και
575 839 708 904 Παλέας
725 840 769 896 καί
786 839 862 915 Αἰγι-

63 915 151 990 νήτας.
193 921 299 977 Σακέων
313 920 342 976 δέ
354 921 563 995 ἐχομένουςξ
503 921 563 986 έταξ
563 943 576 976 ε
589 917 664 978 ἇντία
672 917 822 1026 Ἀθηναίων
835 944 863 978 τε

63 1025 107 1060 και
97 1003 273 1059 Πλαταιέων
285 1002 330 1058 καλ
342 1005 489 1077 Μεγαρέων
499 999 633 1067 Βοιωτοέις
646 1024 674 1059 τε
686 1026 731 1060 και
720 1000 863 1078 ’Λοκροὺς

63 1108 108 1143 και
97 1085 242 1185 Μηλιέας
250 1105 278 1141 τε
289 1105 334 1140 και
324 1080 501 1148 “θεσσαλους
513 1107 557 1141 και
548 1084 674 1142 Φωκέων
685 1082 747 1150 τοὺς
757 1089 861 1158 χιλίους

64 1191 97 1226 ου
108 1163 161 1244 γὰρ
173 1189 210 1225 ων
223 1163 338 1233 ἅπαντας
351 1168 377 1226 οἱ
391 1169 489 1232 Φωκέες
501 1163 637 1273 ἐμήδισαν,
656 1165 722 1225 ἀλλά
734 1191 799 1235 τινες
812 1192 860 1225 αυ-

10 1270 12 1275 ·
61 1250 114 1309 τῶν
125 1246 215 1308 καλ
186 1272 220 1307 τα
230 1246 351 1321 Ἑλλήνων
367 1240 447 1323 ηὖξον
462 1251 523 1327 περι
539 1247 585 1309 τὸν
581 1249 779 1359 Παρνησσὸν
775 1259 860 1310 κατει-

10 1337 175 1445 λημένοι,
197 1335 242 1391 και
263 1331 419 1392 ἐνθεῦτεν’
406 1330 570 1439 ορμειίμενοι
581 1331 673 1410 ἔφερόν
689 1357 717 1392 τε
734 1337 779 1392 καὶ
795 1357 862 1409 ηχον

10 1414 107 1488 Ιτήν
119 1439 148 1474 τε
159 1418 314 1492 Μαρδονίου
330 1412 453 1491 στρατιήν
469 1416 513 1472 καὶ
529 1411 589 1480 τοὺς
605 1413 660 1491 μετ’
676 1413 758 1474 αὖτοῦ
771 1415 861 1482 ἐόντας

58 1494 189 1568 Ἑλλήνων.
225 1498 298 1562 έταξε
318 1497 408 1554 δὲκαὶ
428 1494 586 1562 Μακεδόνας
605 1519 634 1556 τε
654 1499 699 1556 και
719 1495 780 1564 τσδς
801 1502 862 1576 περὶ

63 1583 213 1651 Θεσσαλίην
226 1579 373 1656 οἰκημένους
384 1576 452 1638 κατὰ
463 1576 525 1646 τοὺς
533 1576 700 1653 Ἀθηναίους.

124 1668 165 1721 32
190 1661 279 1720 Ταυια
293 1665 340 1739 μέν
356 1662 408 1720 τῶν
425 1661 570 1723 ἐθνέων
540 1687 575 1722 τα
590 1668 700 1741 μέγιστα
713 1660 860 1741 ιἰνόμασται

59 1747 113 1807 τῶν
124 1744 177 1805 έκτο
166 1744 346 1846 Μαρδονίου
357 1745 562 1821 ταχθέντων,’
528 1771 611 1825 ταπερ
624 1747 818 1855 ἐριρανέστατά
831 1773 859 1807 τε

60 1852 93 1902 ην
113 1853 158 1888 και
178 1826 260 1907 λόχου
280 1833 409 1890 πλείστου.
437 1832 532 1903 ἐνήσαν
553 1833 581 1889 δέ
600 1854 645 1889 και
635 1828 743 1889 “ἅλλων
760 1836 859 1890 ἐθνέων

61 1909 182 1990 ἄνδρας
166 1916 374 1989 αναμεμιχμένοι,
388 1914 498 2022 Φρυγῶν
509 1916 592 1972 τεκαὶ
609 1914 724 2019 Θρηλλιρν
737 1936 782 1971 και
772 1915 857 1972 “Μυ

60 1996 116 2056 σῶν
127 2019 156 2056 τε
168 2021 212 2056 και
203 1995 344 2056 Ἥαιόνων
356 1999 463 2056 καὶτῶν
476 1993 565 2066 ίίλλων,
579 2003 606 2056 ἐν
619 1998 647 2054 δέ
658 2020 703 2056 και
694 1993 858 2055 *Amadum

58 2103 88 2141 τε
104 2103 150 2139 και
139 2082 363 2158 ὫεῖχυπτίωΝ
335 2105 361 2140 οι
376 2105 404 2140 τε
414 2078 574 2159 Ἑρμοτύβιες
595 2104 639 2138 και
657 2104 683 2138 οι
674 2081 857 2181 Καλασίριες

57 2162 210 2242 καλεόμενοι
221 2162 427 2269 μαχαιροφόροι
448 2166 523 2242 οἵπερ
540 2163 592 2223 εἶσι
582 2163 751 2240 Ἅίχυπτίων
764 2188 798 2240 μο

57 2246 174 2326 μάχιμοι.
200 2246 307 2314 τούτους
324 2249 385 2306 δέ”
370 2271 406 2307 ττι
421 2245 469 2307 ἐών
486 2253 513 2307 ἐν
527 2244 672 2350 Φρλήρηι’
656 2246 712 2307 απὸ
725 2250 776 2306 τῶν
788 2187 857 2319 νλῧν

57 2329 139 2408 ἇπεβι
138 2330 249 2433 βάρατο
264 2329 355 2398 ἐόντας
374 2328 508 2407 ἐπιβάτας·
533 2329 569 2434 ρῦ
585 2328 639 2408 γὰρ
660 2329 814 2404 ἐτάχθησαν
832 2336 857 2395 ἐς

55 2413 106 2475 τὸν
128 2413 249 2485 πεζὸν
222 2439 269 2475 τον
288 2413 344 2494 ἅμα
363 2412 477 2493 Ξερξη’
461 2414 619 2516 απικόμενον
637 2420 662 2480 ἐς
677 2412 724 2479 τὰς
738 2409 856 2482 Αθήνας

55 2495 344 2576 mum-1⁰66&
362 2496 393 2570 δὴ
410 2488 581 2574 βαρβάρων
565 2520 636 2569 ηοαν
652 2494 788 2596 τριήκοντα
804 2517 853 2569 μυ-

55 2579 187 2659 Μόθς,
169 2605 203 2648 ως
215 2580 398 2660 καὶπρότερον
410 2579 606 2654 δεδήλωται,
571 2602 622 2637 των
635 2576 679 2638 66
680 2575 796 2648 Ελλήνων
809 2597 863 2630 mv

54 2667 212 2740 Μαρίονιδυ
223 2662 367 2742 συμμάχων
385 2662 485 2727 οἶδε
453 2689 501 2747 μιν
515 2662 605 2734 ουδεὶς
620 2659 746 2744 αριθμὸν
768 2654 818 2726 &60
830 2649 893 2724 ‘6¹6
