1920 2978
106 155 157 204 220
410 158 614 202 HERUDOTI

108 266 197 340 ρίοντο
211 260 257 319 τόν
267 255 465 337 Ἀμομφάρετον
484 258 498 318 6
512 283 540 318 τε
552 256 691 336 Εύρυάναξ
703 260 747 318 καί
761 257 777 319 6
791 271 911 328 Παυσα-Ι

107 350 161 417 νίης
178 342 213 419 μή
235 340 388 403 κινδυνεύειν
409 348 533 415 μένοντας
554 340 666 419 μούνους
688 346 913 420 Λακεδαιμονίων,

109 425 191 493 οίικως
204 428 327 494 ἔπειθον,
351 433 375 492 ές
390 424 405 485 6
417 432 442 492 ἐς
460 423 543 484 νείκεά
554 449 582 484 τε
595 423 770 502 συμπεσόντες
784 424 913 486 ἀπικέατο

107 512 152 569 ναί
171 507 186 568 6
201 507 281 585 κήρυξ
298 510 349 568 τόν
362 507 510 582 Ἀθηναίων
527 506 676 586 παρίστατό
696 533 744 583 σφι
762 507 912 587 ἀπιγμένος.

108 597 208 652 νεικέων
221 595 249 649 δὲ
267 591 282 650 6
293 591 490 670 Ἀμομφάρετος
502 590 628 668 λαμβάνει
640 596 735 668 πέτρον
750 589 914 672 ἀμφοτέρῃσι

107 677 169 753 τῇσι
179 678 264 751 χερσὶ,
277 678 321 732 καί
330 679 414 742 τιθείς
427 674 480 753 πρὸ
494 676 582 734 ποδῶν
595 676 647 733 τῶν
656 679 816 734 Παυσανίεω
829 676 913 754 ταύτῃ

108 761 140 835 τῇ
154 756 234 836 ψήφῳ
247 763 416 834 ψηφίζεσθαι
428 762 477 832 ἔφη
490 757 525 834 μή
539 756 644 835 φεύγειν
656 756 718 824 τούς
731 762 842 828 ξείνους,
860 763 912 827 ξεί-

108 865 170 908 νους
191 844 270 916 ίέχων
291 838 352 907 τούς
374 839 531 918 βαρβάρους.
558 840 573 901 6
595 845 623 901 δέ
640 838 795 919 μαινόμενον
817 845 863 900 καί
881 839 914 901 ού

109 921 239 1002 φρενήρεα
252 929 348 1026 καίέιρν
362 931 463 993 ἐκεῖνον,
473 922 542 1002 πρός
554 949 583 984 τε
595 923 643 985 τόν
651 925 800 999 Ἀθηναίων
812 923 913 1002 κήρυκα

110 1007 286 1111 έρειρωτῶντα
298 1032 333 1066 τα
322 1006 510 1085 ἐντεταλμένα
523 1008 632 1087 λέγεινε
619 1034 634 1068 ο
648 1013 804 1082 Παυσανίης
818 1013 914 1068 ἐκέλευε

109 1090 144 1150 τά
155 1089 290 1169 παρεόντα
308 1117 362 1167 σφι
376 1091 531 1200 πρήγματα,
554 1096 643 1201 ε’χρηζέ
658 1116 686 1151 τε
702 1115 753 1150 των
762 1090 915 1176 Ἀθηναίων

107 1175 299 1276 προσχωρήσρί
310 1200 338 1234 τε
351 1175 418 1253 πρὸς
431 1174 540 1242 ἑωυτούς
551 1179 596 1234 καί
606 1180 702 1236 ποιέειν
712 1177 772 1255 περί
784 1175 831 1247 τῆς
841 1173 913 1235 άπό·

109 1255 202 1317 δυυ
170 1279 252 1336 ταπερ
268 1257 301 1315 δίν
313 1261 357 1317 καί
371 1265 452 1333 σφεῖς.

171 1349 214 1401 56.
236 1345 294 1400 Καὶ
311 1341 326 1402 6
343 1347 389 1419 μέν
408 1339 594 1402 ἀπαλλάσσετο
618 1347 643 1408 ίς
663 1339 725 1408 τούς
738 1338 914 1414 Ἀθηναίους·

110 1422 171 1492 τούς
198 1427 226 1484 δέ
246 1427 302 1485 έπεί
324 1424 536 1506 άνακρινομένους
556 1424 624 1505 πρὸς
639 1422 748 1492 ἑωυτούς
764 1421 816 1497 ήάς
836 1447 913 1484 κατε-

108 1507 236 1584 λάμβανε,
258 1515 284 1568 ἒν
306 1509 388 1586 τούτῳ
406 1513 443 1586 τῷ
458 1509 545 1588 χρόνῳ
557 1508 700 1586 κατήμενος
714 1507 729 1568 6
742 1512 915 1581 Παυσανίης,

109 1589 142 1650 οὗ
160 1595 255 1650 δοκέων
270 1590 318 1649 τόν
327 1591 524 1668 ’Λμομφάρετον
536 1597 680 1667 ίείιμεσθαι
691 1592 742 1649 τῶν
756 1588 840 1648 άλίων
852 1591 914 1651 Λα·

108 1677 275 1749 κεδαιμονίων
298 1671 523 1744 άποστειχόντων,
549 1672 584 1729 τά
607 1671 701 1743 δήκαὶ
721 1677 819 1748 ἐγένετο
831 1716 840 1742 ,
865 1698 914 1747 ση-

107 1753 191 1832 μήνας
208 1753 294 1832 ἇπήχε
316 1753 359 1814 διά
382 1756 433 1813 τιόν
449 1754 567 1812 κολωνῶν
586 1752 648 1821 τοὺς
669 1751 775 1820 λοιπούς
797 1754 916 1824 πάντας·

109 1841 214 1900 εἵποντο
229 1840 314 1898 δὲκαὶ
330 1839 460 1915 Τεγεῆται.
482 1835 623 1911 Ἀθηναῖοι
637 1839 665 1896 δέ
678 1842 821 1911 ταχθέντες
835 1837 917 1912 ήίσαν

108 1921 144 1982 τότ
155 1925 264 2001 ’έμπαίιν
277 1921 294 1996 ή
306 1919 516 1999 Λακεδαιμόνιοι,
545 1923 571 1980 οἳ
585 1925 633 1998 μέν
648 1919 701 1999 χάρ
715 1922 767 1980 τῶν
779 1946 807 1980 τε
820 1921 917 1996 δ’χθων

110 2005 257 2080 άντείχοντο
273 2009 318 2065 καί
334 2007 380 2080 τής
397 2005 524 2084 ύπωρείης
540 2005 589 2064 τού
607 2006 792 2082 Κιθαιρῶνος,
814 2004 916 2082 φοβεό-

109 2110 182 2164 μενοι
195 2088 242 2163 τήν
255 2093 349 2159 ίππον,
366 2088 507 2163 Ἀθηναῖοι
524 2091 553 2147 δέ
569 2086 640 2148 κάτω
658 2093 822 2168 τραφθέντες
840 2097 867 2158 ἐς
884 2086 918 2149 τό

110 2175 208 2231 πεδίον.

172 2264 212 2314 57.
229 2253 425 2335 Ἀμομφάρετος
438 2258 466 2314 δέ
480 2252 563 2332 ἇρχήν
576 2279 604 2316 τε
617 2253 721 2333 ούδομά
731 2259 825 2317 δοκέων
833 2269 914 2316 Παυ·

111 2342 204 2412 σανίην
215 2337 351 2416 τολμήσων
365 2343 447 2413 σφέας
458 2336 603 2409 άπολιπεῒν,
617 2345 756 2418 περιείχετο
771 2337 855 2399 αύτοῦ
866 2345 927 2421 μέ-

35 2426 38 2431 ’
110 2442 203 2490 νοντας
215 2422 251 2500 μή
266 2420 412 2482 ένίιπεῖν
386 2445 432 2495 την
444 2419 530 2489 ταξιν
551 2423 744 2501 προτερεόντων
757 2423 832 2482 δε
796 2446 850 2482 των
863 2422 917 2484 σύν

109 2512 239 2565 Παυσαν
236 2533 266 2584 η,
290 2505 439 2574 καταδόξας
466 2503 560 2573 αύτούς
581 2509 654 2582 ἲθείη
674 2510 750 2583 τέχνη
773 2503 914 2568 άπολιπεῖν

98 2586 197 2660 αυτόν,
217 2589 429 2670 άναλαβόντα
402 2614 449 2652 τον
465 2587 584 2666 λόχον
555 2614 589 2650 τα
604 2587 702 2650 ὅπλα
686 2614 734 2668 ηχε
747 2588 832 2665 βάδην
845 2587 915 2669 πρός

233 2685 335 2759 ’τίφος
363 2675 397 2746 τό
418 2683 448 2746 δέ
465 2673 625 2749 61666'
614 2699 681 2738 οσον
698 2698 729 2734 τε
744 2676 809 2736 δέκα
826 2674 925 2742 6266
