1920 2978
119 150 169 202 178
415 154 621 201 HERODOTI

121 257 202 319 άλλων
215 261 386 330 Παλληναίων
399 262 538 335 συμμαχίη.
557 265 626 317 τοῖσι
639 261 667 317 δδ
681 264 852 336 σιρατηγολσι
865 266 922 319 6666-
950 302 954 311 ·

120 346 280 418 66666660666
290 338 323 400 τό
338 342 441 416 βυβλίον
451 343 495 398 καί
507 343 632 416 μαθοδσι
644 339 690 400 τ’ὸν
704 346 788 400 αἶ’τιον
800 343 846 414 τῆς
853 363 922 421 προ-

120 429 209 498 δοσίης
231 425 304 491 ἔδοξε
321 421 357 498 μῆ
378 424 542 496 καταπλῆξαι
564 422 712 501 Τιμόξεινον
729 426 860 502 προδοσίῃ
878 428 923 500 τῆς

120 511 268 568 Σκιωναίων
279 504 410 574 πόλιος*
384 530 475 578 εινειια,
493 530 529 615 μη
519 504 691 584 νομιζοίατο
705 505 772 565 εἶναι
783 514 923 568 Σκιωναῖοι

120 599 145 660 ἐς
157 590 204 651 τὸν
216 594 350 668 μετέπειτα
361 587 461 667 χρόνον
475 591 526 648 6666
517 588 714 668 προδόται.ι
700 615 715 649 ο
727 593 774 668 μὲν
787 587 819 698 δῆ
833 588 920 650 τοιού-

119 700 155 752 τῳ
168 673 257 752 τρόπῳ
269 669 419 738 ἐπάῖοτος’
406 671 529 749 εγεγόνεε.
666 690 669 695 ·

181 764 240 814 129
258 753 405 832 Ἀρταβάζω
424 759 451 813 66
468 753 554 829 ἐπειδὴ
572 759 749 833 πολιορκέοντι
765 752 922 833 ἐγεγόνεσαν

118 847 184 918 τρεῖς
195 840 283 915 μῆνες,
305 835 441 914 γίνεται”
423 860 538 914 αμπωτις
550 840 596 915 τῆς
609 837 754 911 θαλάσσης
765 836 864 916 μεγάλη
878 841 922 898 666

115 921 215 1025 χρόνον
227 924 269 980 ἐπί
281 919 385 980 πολλόν
411 920 508 989 ἰδόντες
526 925 553 981 δὲ
573 947 598 981 οι
589 920 741 1024 εβάρρίαροι
753 927 862 1024 τέναγος
875 944 918 998 γε-

117 1004 227 1082 νόμενον
239 1001 376 1082 παρῆῖσαν
388 1003 451 1071 ἐς
425 1028 471 1079 την
484 1003 629 1078 Παλλῆνην.
658 1005 692 1072 ὧς
710 1003 781 1064 δὲ
746 1030 799 1072 τας
814 1001 906 1063 δόο“
844 1029 921 1106 μεν

117 1094 212 1167 μοίρας
229 1086 514 1166 διοδοιπορῆκεσαν,”
498 1114 535 1148 ετι
553 1092 581 1148 δι’
598 1095 665 1167 τρεῖς
683 1086 825 1149 ὑπόλοιποι
841 1077 920 1159 ῆσαν,

118 1171 166 1239 τάς
178 1171 333 1238 διελθόντας
342 1172 408 1272 χρῆν
422 1174 473 1231 ἔσω
487 1168 554 1231 εἶναι
571 1179 598 1231 ἐν
615 1196 647 1249 τη
637 1170 798 1248 Παλλῆνη,
819 1172 922 1242 ἐπῆλθε

32 1268 37 1275 ’
118 1255 286 1332 πλημυρὶς
255 1278 301 1328 της
312 1252 456 1328 θαλάσσης
468 1252 614 1332 μεγάλη,”
598 1279 648 1327 οση
663 1252 767 1331 οιίδοιμά
780 1278 828 1324 κω,
847 1277 882 1321 ως
896 1255 922 1314 οἷ

22 1376 26 1387 ·
119 1336 252 1440 ίπιχρόριοι
268 1341 383 1414 λέγουσι,
406 1337 528 1405 πολλάκις
544 1342 673 1415 γενομένη.
702 1340 727 1397 06
744 1342 791 1415 μὲν
809 1335 840 1410 δὴ
857 1341 922 1396 νέειν

119 1420 205 1480 αι’πῶν
223 1419 270 1480 οὖν
288 1420 454 1497 ἐπιστάμενοι
472 1425 666 1496 διεφθείροντο,
688 1419 751 1486 τοὺς
768 1423 795 1477 δὲ
809 1426 919 1478 ἐπιστα-

118 1510 210 1614 μένους
230 1503 404 1575 Ποτιδαιῆται
426 1499 615 1568 ἐπιπλώσαντες
637 1506 751 1562 πλοίοισι
773 1500 921 1562 ἀπώλεσαν.

120 1593 204 1646 αίτιον
222 1590 249 1645 δὲ
266 1591 371 1662 λέγουσι
390 1609 415 1643 οι
406 1586 652 1656 “Ποτιδαιῆται
620 1609 664 1656 της
678 1608 705 1642 τε
719 1589 807 1663 ῥηχίης
819 1587 866 1644 666
879 1586 923 1659 τῆς

118 1672 275 1774 πλημυρίδος
296 1670 347 1729 καί
363 1667 411 1725 666
429 1668 564 1744 Περσικοῧ
580 1663 688 1733 πάθεος
706 1672 837 1743 γενέσθαι
854 1667 922 1771 τόδε,

119 1753 159 1814 ὅτι
177 1776 225 1811 του
210 1751 421 1816 Ποσειδέωνος
439 1756 465 1815 ίς
480 1747 527 1808 τὸν
543 1746 606 1823 νηὸν
620 1751 664 1806 καί
681 1748 712 1808 τὸ
731 1747 880 1827 άγαλμα
850 1758 922 1812 τοίν

118 1861 154 1914 τῳ
141 1836 316 1914 προαστείω
333 1822 517 1908 ῆσέβησαν
485 1857 557 1892 ουτοι
573 1833 625 1890 τῶν
642 1837 768 1911 Περσέων
786 1836 863 1912 οἵπερ
880 1836 923 1894 καί

119 1895 337 2022 διεφθάρησαν
323 1914 376 1976 υπὸ
394 1917 440 1989 τῆς
457 1914 610 1989 θαλάσσης.
640 1921 723 1989 666666
741 1920 770 1977 δὲ
787 1941 867 1977 τουτο
881 1920 920 1977 λε’-

118 2026 208 2081 γονιες
221 2026 251 2061 ευ
237 1994 373 2078 λέγειν’
357 2024 443 2078 ιμοιγε
456 2002 582 2060 δοκέουσι
599 2024 660 2067 τους
672 2003 700 2058 δὲ
713 2005 923 2105 περιγενομένους

122 2085 207 2162 άπῆγε
216 2083 375 2191 Ἀρτάβαζος
392 2091 417 2151 ἐς
435 2088 581 2156 Θεσσαλίην
593 2081 670 2186 παρὰ
683 2081 847 2161 Μαρδόνιον.
876 2074 920 2145 66-

121 2193 163 2229 τοι
174 2170 260 2246 μίν(
234 2193 260 2227 οι
272 2174 474 2246 προπέμψαντες
485 2165 640 2242 6666666‘'
610 2190 677 2226 ουτω
692 2170 812 2245 ἔπρηξαν.

183 2258 243 2309 130
267 2249 296 2310 Ὁ
319 2254 347 2309 66
367 2249 485 2316 ναυτικὸς
505 2249 519 2309 6
538 2254 636 2329 Ξερξεω
652 2248 861 2327 περιγενόμενος,
889 2247 922 2316 εἷς

121 2335 309 2413 προσέμιξε
278 2359 310 2412 τη
324 2333 398 2411 ’Λσίη
418 2331 521 2411 φεόγων
539 2340 565 2393 ἕιι
583 2339 731 2409 Σαλαμινος
752 2357 796 2391 ναι
786 2334 922 2409 βασιλέα

88 2430 91 2439 ’
121 2442 149 2477 τε
161 2412 921 2523 6666666166666666X6660666066666666666666669A66-

122 2504 176 2571 δον,
191 2505 328 2578 ίχειμέρισε
341 2508 368 2560 6
380 2499 467 2578 Κόμη.
487 2503 563 2579 ἔαρος
576 2502 604 2559 δί
618 2497 812 2576 ἐπιλάμψαντος
825 2496 930 2579 πρόλει-

114 2589 267 2663 συνελιγιτο
286 2590 313 2652 ίς
328 2583 433 2663 Σάμον·
460 2608 489 2641 αι
481 2583 585 2640 ’δι’
550 2605 601 2640 των
618 2583 687 2655 νηόν
703 2607 748 2642 και
739 2585 922 2663 ἐχειμέρισαν

98 2663 202 2726 πίεσθ’
223 2675 360 2752 Περσίσιν
378 2674 407 2733 δι’
425 2670 472 2739 666
486 2664 588 2744 Μήδων
608 2667 636 2728 οἳ
650 2666 756 2733 πλεῗυες
766 2665 924 2740 επεῆάτευοι.
