1920 2978
115 159 149 210 82
403 160 606 206 HERODOTI

114 264 253 344 χρημάτων
266 264 316 322 τῶν
335 289 361 323 οι
351 264 458 323 Τέλων
468 261 644 370 ἐπετράπετο,
670 260 772 340 παρεόν
787 264 915 336 κατασχέ-

117 357 189 409 σθαι
207 346 254 406 οὐκ
270 351 392 418 ἐθέλησε,
421 345 505 404 οἰλλΜ
491 349 546 404 επεὶ
566 371 592 404 οι
583 343 720 417 εἘλληνες
740 342 919 451 ἐπεκράτησαν

115 433 147 509 τῇ
152 435 291 537 ναυμαχίη
303 454 349 488 και
340 430 495 507 Ξέρξης’
470 425 573 502 οιχάκεε
587 424 750 497 ἀπελαύνων,
772 450 818 485 και
808 425 862 527 δή
875 428 917 486 καί

115 522 208 582 ἐκεῖνος
232 511 335 572 ἀπίκετο
357 519 382 580 ἐς
408 511 455 585 τήν
477 509 631 584 Σικελίην’
612 533 719 571 απαντα
740 507 775 569 τά
793 507 917 588 χρήματα

115 595 193 675 άχων.

177 720 236 772 165.
258 716 371 788 Λέχεται
384 713 412 770 δέ
424 735 469 770 και
459 709 572 771 τάδε
557 709 610 771 υπὸ
623 711 675 770 τάν
689 717 715 770 έν
729 711 874 787 Σικιλίῃ’
846 734 914 784 οαιη-

114 800 207 873 μένων,
231 793 265 861 ὦς
285 793 354 870 ὅμως
371 819 414 852 και
407 796 521 869 μέλλων
535 792 698 899 άρχεσθαι“
683 817 736 853 υπο
725 792 914 898 Λακεδαιμο-

114 883 174 937 νίων
196 876 313 936 ὃΓέλων
335 875 510 953 εβοήθησε“
492 901 525 935 αν
544 884 615 936 τοῖσι
628 876 788 950 Ἐλλησν,’
764 901 788 935 ει
808 874 845 953 μή
862 872 914 936 ίιπδ

119 958 239 1038 Θήρωνος
259 960 308 1020 τοῦ
326 958 513 1062 Αἰνησιδήμου
535 958 740 1062 Ἀκραγαντίνων
765 957 915 1037 μουνάρχου

115 1045 267 1111 ἐξελασθεὶς
284 1049 312 1110 ἐξ
326 1041 422 1121 Ἱμέρης
438 1043 589 1121 Τήριλλος
577 1068 592 1103 ο
608 1047 772 1120 Κρινίππου,
792 1039 918 1119 τόραννας

115 1125 164 1185 έών
175 1125 271 1203 Ἱμέρης
285 1128 365 1202 ἐπήχε
378 1125 427 1184 ὑπ’
443 1125 523 1186 αὐτόν
540 1125 587 1185 τόν
603 1123 700 1202 χρόνον
717 1125 813 1184 τοίπον
827 1128 913 1186 Φοινί-

114 1232 165 1266 κων
181 1211 226 1266 καί
242 1206 347 1282 Λιβύων
362 1211 407 1266 καί
416 1207 523 1283 Ἰβήρων
537 1210 581 1277 κη’
597 1205 704 1282 Λιχόων
720 1209 765 1265 καί
780 1206 915 1268 Ἐλισύκων

114 1293 159 1349 καὶ
179 1293 331 1369 Σαρδονίων
353 1293 398 1348 καί
419 1294 539 1365 Κυρνίων
565 1288 700 1366 τριήκοντα
720 1289 850 1367 μυριάδας
873 1290 915 1349 ’καί

116 1371 263 1451 στρατηγόν
281 1370 366 1430 αίιτῶν
378 1370 498 1447 ’Λμίλκαν
515 1369 707 1442 τόνἌννωνος,
728 1376 914 1451 Καρχηδονίων

115 1455 192 1516 έόντα
210 1460 330 1534 βασιλέα,
357 1452 425 1513 κατὰ
441 1458 534 1528 ξεινίην
549 1479 577 1514 τε
592 1454 640 1529 τήν
656 1456 780 1516 ἑωυτσῦὃ
796 1455 915 1535 Τήριλλος

115 1538 279 1616 ἀναγνώσας,
287 1539 331 1596 καί
343 1537 457 1614 μάλιστα
470 1537 513 1596 διὰ
526 1537 573 1612 τήν
581 1537 716 1608 ’Λναξίλεω
728 1540 777 1600 τοῦ
784 1545 915 1618 Κρητίνεω

114 1627 281 1698 προθυμίην,
304 1619 333 1687 ὃς
348 1619 452 1696 Ῥηχίου
469 1619 517 1679 έών
534 1620 659 1698 τύραννος
676 1621 710 1680 τὰ
727 1624 825 1684 ἑαυτοῦ
842 1628 914 1685 τέννο

115 1701 205 1771 δοδς’
191 1702 303 1781 ομήρους
312 1700 428 1780 Ἀμίλκᾳ,
446 1703 526 1779 ίπήχέ
536 1727 580 1778 μιν
593 1707 636 1762 ἐπί
649 1703 695 1777 τήν
708 1709 824 1778 Σικελίην
837 1730 912 1784 τιμω-

114 1791 222 1866 ρέων
191 1811 228 1844 τω
214 1787 372 1862 πενθερῷ.
406 1784 587 1888 Τηρίλλου
554 1810 608 1865 χαρ
622 1785 674 1861 ειχε
687 1787 848 1896 θυματέραζ
840 1801 912 1850 Ανα-

114 1875 212 1939 ξίλεως,
235 1869 268 1946 τῇ
286 1891 385 1945 ουνομα
402 1858 435 1942 ήν
452 1871 586 1943 Κυδίππη.
610 1868 679 1930 ου’τω
698 1869 777 1944 δή’
748 1897 795 1932 ουκ
814 1866 914 1934 οἷόντε

113 1952 253 2032 χενόμενον
270 1949 434 2028 βοηθέειν
409 1975 455 2012 τον
471 1957 575 2012 Γέλωνα
591 1961 662 2014 τοῖσι
674 1952 809 2030 Ελλησι’
794 1958 912 2034 αποπέμ·

114 2032 387 2110 πεινέςΛελφοίιςτδ
400 2034 531 2114 χρήματα
598 2042 618 2065 ·“’

178 2180 238 2232 166.
260 2172 335 2278 Πρὸς
348 2177 375 2233 δέ
388 2200 433 2233 και
424 2174 508 2235 τάδε
521 2176 670 2253 λέχουσι,ε
651 2203 684 2244 ως
699 2179 836 2254 συνέβη
805 2203 851 2253 της
865 2176 911 2238 αὖ·

116 2255 162 2328 τής
175 2255 269 2333 ἡμέρης
287 2260 313 2315 έν
332 2281 360 2317 τε
377 2283 409 2336 τῃ
396 2260 524 2336 Σικελίη
539 2264 642 2319 Γέλωνα
660 2264 704 2319 καί
721 2260 832 2366 Θήρωνα
844 2262 913 2321 νικᾶν

113 2336 270 2438 Ἀμίλκαν
244 2363 290 2398 τον
298 2340 481 2419 Καρχηδόνιον
493 2367 539 2400 και
530 2345 577 2401 ἐν
586 2348 713 2419 Σαλαμῖνι
726 2369 787 2411 τους
796 2343 913 2420 Ἐλληνας

117 2421 164 2481 τόν
177 2427 290 2500 Πέρσην.
318 2423 364 2484 τὸν
384 2428 412 2483 δέ
426 2424 545 2501 Ἀμίλκαν
557 2424 787 2504 Καρχηδόνιον’
759 2453 837 2488 εοντα
849 2425 913 2529 πρός

117 2504 225 2584 πατρὸς,
238 2503 372 2584 μητρόθεν
386 2511 413 2566 δέ
425 2507 595 2585 Συρηκόσιον,
609 2508 803 2610 βασιλεύσαντά
814 2536 843 2571 τε
855 2535 903 2570 κατ

117 2585 305 2665 άνδραχαθίην
325 2594 523 2700 Καρχηδονίων,
552 2591 586 2658 ὡς
602 2617 620 2664 η
609 2591 754 2670 ’συμβολή
771 2619 799 2653 τε
817 2599 912 2672 ἐγένετο

121 2669 209 2737 ”³⁶55
227 2672 347 2736 εσσοιίτο
366 2676 399 2756 τῇ
416 2670 503 2757 μάχη,
526 2672 713 2752 αφανισθήναι
731 2675 912 2755 πυνθάνομαι
