1920 2978
229 117 301 163 LIB.
323 116 385 162 vn.
415 108 493 163 Ι(ΞΑΡ.
515 112 563 162 171
576 140 618 150 -
631 113 688 165 175.
827 115 859 167 87

61 221 229 292 Μακεδονίης
242 220 286 292 τῆς
298 218 368 279 κότον
380 227 404 287 ές
422 225 568 293 Θεσσαλίην
579 225 649 298 φέρει
662 218 738 298 παρὰ
747 220 861 295 Πηνειὸν

61 300 195 380 ποταμόν,
217 301 313 378 μεταξύ
331 305 359 361 δέ
376 301 514 380 Ούλύμπου
530 327 558 362 τε
571 301 660 381 ούρεος
672 301 748 361 ἐόντα
759 306 861 377 καὶτῆς

58 383 166 458 Ὀσσης.
194 387 313 445 ένθαύτα
331 385 580 463 ἐστρατοπεδεύοντο
598 387 650 444 τῶν
660 384 781 458 Ἑλλήνων
793 386 861 446 κατὰ

62 473 170 547 μυρίους
191 466 292 527 όπλῖται
315 473 484 545 συλλεγέντες,
511 473 556 526 καί
581 493 629 542 σφι
650 469 753 546 προσῆν
773 467 790 541 ή
810 471 862 527 τόν

66 550 211 612 θεσσαλύν
230 552 319 617 ἵππος.
351 549 504 628 ἐστρατήγεε
529 555 557 610 δὲ
579 554 791 629 Λακεδαιμονίων
814 555 861 628 μέν

62 633 202 701 Εὐαίνετος
218 632 234 692 ό
246 631 373 710 Καρήνου
391 639 418 692 ἐκ
436 635 487 693 τῶν
500 632 670 712 πολεμάρχων
683 632 860 712 ἀραιρημένος,

61 722 150 795 γένεος
160 721 246 794 μέντοι
258 714 305 774 &Im
323 714 355 776 ού
370 718 419 776 τού
432 719 579 793 βασιληίου,
596 716 747 789 Ἀθηναίων
765 720 792 775 δι’
810 729 858 777 Θε-

23 837 33 847 -
60 803 212 878 ρεστοκλέης
226 797 241 858 ὃ
256 803 389 866 Νεοκλέος.
427 798 545 877 Ἔμειναν
560 802 587 858 δὲ
601 798 690 877 όλίμας
705 799 801 878 ἡμέρας
819 807 859 858 έν-

60 882 171 942 θαύτα·
195 880 345 958 ύπιιιόμενοι
356 881 409 960 μὰρ
423 880 529 960 όμμελοι
542 881 616 959 παρὰ
626 881 795 959 Ἀλεξάνδρου
813 881 862 941 τού

57 961 187 1066 Ἀμύντεω
210 961 302 1042 ἀνδρὸς
319 963 474 1030 Μακεδόνος
496 962 681 1039 συνεβούλευόν
702 988 751 1038 σφι
773 963 859 1021 διπαλ-

60 1046 200 1107 λύσεσθαι
216 1051 279 1125 μηδε
289 1051 419 1148 μένοντας
437 1055 464 1106 έν
480 1073 512 1124 τη
499 1042 625 1123 μ’ἐσβολῇ
638 1047 862 1119 καταπατηθῆναι

58 1127 114 1190 υπὸ
125 1130 175 1188 τού
189 1131 304 1237 στρατοῦ
321 1155 368 1190 του
355 1128 510 1200 ἐπιόντος,
534 1127 738 1216 σημαίνοντεςΙ
712 1154 743 1188 το
756 1130 862 1200 πλῆθος

60 1214 107 1285 τῆς
120 1214 243 1290 στρατιῆς
255 1215 299 1271 καὶ
313 1212 359 1280 τός
370 1218 435 1281 νέας.
464 1213 498 1280 ὥς
512 1216 540 1271 δὲ
553 1217 627 1272 ούτοί
640 1237 688 1286 σφι
700 1211 784 1271 ταύτα
797 1234 858 1270 συν-

60 1292 210 1397 εβοόλευον,
229 1294 342 1372 (χρηστὰ
358 1295 411 1372 γὰρ
425 1295 527 1355 ἐδόκεον
541 1293 732 1371 συμβουλεύειν,
755 1299 800 1352 καί
813 1318 862 1368 σφι

60 1375 152 1444 εύνοος
165 1377 323 1478 έφαίνετοέ1
308 1401 344 1435 ων
358 1403 373 1436 ο
362 1376 528 1449 Μακεδὼν)
545 1382 692 1436 ἐπείθοντο.
722 1379 816 1435 δοκέειν
834 1379 863 1434 δι’

59 1484 118 1538 μοι,
144 1449 294 1540 όῤῥωδίη
278 1482 310 1531 ην
330 1456 361 1518 τό
380 1466 490 1530 πειθον,
518 1458 552 1527 ὦς
570 1457 705 1518 ἐπύθοντο
721 1460 765 1517 και
784 1455 862 1530 όίλλην

61 1544 161 1604 &afim
179 1540 287 1618 ἐσβολήν
305 1548 335 1608 ἐς
352 1541 503 1644 Θεσσαλούς·
519 1541 588 1602 κατόν
604 1539 652 1614 τήν
666 1540 720 1600 όνω
733 1543 859 1601 Μακεδο-

60 1630 118 1699 νίην
136 1623 181 1685 διόι
193 1626 349 1704 Περραιβοόν
365 1625 433 1685 κατὰ
447 1623 547 1687 Γόννον
563 1623 649 1695 πόλιν,
676 1626 758 1702 τῆπερ
772 1623 803 1697 δή
817 1649 862 1682 ναι

31 1740 37 1753 ·
61 1707 196 1785 ἐσέβαίεή
211 1705 318 1788 στρατιή
330 1734 346 1782 η
335 1708 464 1788 ’Ξέρξεα
491 1707 650 1785 καταβάντες
669 1711 697 1766 δέ
714 1732 740 1767 οι
730 1707 861 1779 Ἓλληνες

62 1790 147 1852 h}
117 1816 166 1860 τας
179 1797 238 1860 νέας
252 1791 336 1852 ὀπίσω
348 1791 503 1869 ἐπορεύοντο
517 1799 542 1858 ἐς
555 1789 600 1849 τόν
608 1787 731 1866 Ῑσθμόν.

125 1882 183 1932 174.
204 1872 276 1946 Αύτη
290 1873 417 1951 ἐμένετοή
436 1880 460 1939 ἐς
478 1877 623 1944 Θεσσαλίην
641 1873 764 1949 στρατηίη
782 1872 859 1946 βασι·

62 1960 118 2022 λέος
139 1979 168 2014 τε
187 1960 321 2032 μέλλοντος
344 1956 484 2030 διαβαίνειν
505 1961 531 2022 ἐς
551 1953 599 2028 τήν
620 1952 749 2030 Εύροόπην
770 1960 797 2012 έκ
816 1956 862 2026 τῆς

58 2034 146 2112 Ἀσίης
161 2041 206 2096 καὶ
224 2035 311 2105 έόντος
326 2035 375 2110 ήδη
389 2045 416 2096 έν
425 2035 531 2113 Ἀβύδῳ.
574 2039 710 2096 ’Θεσσαλοί
723 2040 751 2095 δέ
762 2043 859 2115 έρημιι-

61 2124 155 2188 θέντες
178 2120 320 2198 συμμάχων
341 2120 409 2180 ούτω
432 2118 463 2191 δή
486 2117 609 2196 ἐμήδισαν
631 2117 778 2196 προθύμως
800 2117 858 2178 οὐδ’

61 2203 100 2262 ἔτι
112 2203 280 2274 ένδοιαστοις,
303 2201 371 2262 ὥστε
388 2210 415 2262 έν
427 2208 496 2262 τοῖσι
509 2200 645 2280 πρήμμασι
658 2207 845 2276 έφαίνοντοα
809 2203 845 2276 βα
847 2239 858 2248 -

62 2291 133 2347 σ’τλίῒ
144 2283 234 2365 ύίνδρες
248 2284 330 2353 έόντες
342 2283 540 2364 χρησιμώτατοι.

123 2376 180 2428 175.
205 2372 237 2428 Οἳ
250 2368 291 2428 δὲ“
292 2368 398 2442 Έλληνες
411 2372 467 2426 έπεί
479 2392 506 2426 τε
521 2366 631 2426 ἇπίκατο
646 2364 708 2433 ές
682 2389 729 2426 τον
737 2363 858 2465 Ἰσθμὸν,

60 2450 233 2553 έβομλεύοντο.
247 2450 314 2530 πρὸς
335 2451 368 2510 τὰ
396 2454 522 2525 λεχθέντα
544 2457 571 2518 ἐξ
589 2448 809 2527 Ἀλεξάνδρου
778 2473 810 2526 τη
831 2471 860 2506 τε

61 2533 205 2608 στήσονται
216 2532 263 2594 τόν
276 2533 389 2636 πόλεμον
399 2536 444 2593 καί
457 2540 485 2594 ἐν
499 2536 581 2596 οίοισι
592 2531 717 2614 χώροισι
740 2531 883 2632 ηνιιιφσα

53 2613 183 2691 δίμναίμη
193 2617 338 2690 dfe-'mo
307 2641 355 2692 την
366 2625 397 2678 έν
413 2619 611 2704 θερμοπύλήσι
625 2617 744 2700 ἐσβολὴν
759 2611 900 2694 φύλαξαι
