1920 2978
235 116 307 162 1118.
329 115 393 162 vn.
422 116 501 162 cAP.
522 111 557 164 94
569 140 612 150 -
625 112 667 165 99.
823 114 856 166 4⁷

57 243 88 283 τε
106 248 124 283 ο
111 220 251 298 ’Λαρτίου
268 244 314 287 και
304 217 532 326 Πρηξάσμης“
517 244 533 278 ο
547 217 717 282 Ἀσπαθίνεω
734 225 780 284 καί
796 235 857 285 Με-

57 303 150 384 γάβαζ
148 327 177 370 ος
196 300 393 379 όΜεγαβάτεω
411 304 456 359 καὶ
469 300 648 405 Ἀχαιμένης“
634 329 649 363 ο
667 311 793 385 Δαρείου,
814 311 859 381 τῆς

57 392 108 494 μέγ
115 385 200 451 Ἰάδος
215 409 244 445 τε
260 409 304 444 και
295 385 433 462 Καρικῆς
451 387 573 461 στρατιῆς
586 383 779 464 Ἀριαβίγνης*
765 415 780 451 0
798 398 857 449 Aa.

58 475 132 549 ρείου
147 492 176 528 τε
191 491 254 535 παις
271 469 315 527 καί
330 468 376 540 τῆς
393 465 520 544 Γωβράεω
536 468 689 573 θυγατρός·
710 473 860 549 Αἰγυπτίων

58 556 89 613 δέ
109 549 266 652 ἐστρατήγεε
279 548 440 629 Ἀχαιμένης
449 555 547 628 Ξερξεω
570 550 656 611 &tw
641 550 689 610 απ’
709 551 860 633 ἀμφοτέρων

59 633 197 710 όδελφεός,
218 635 264 706 τῆς
285 635 313 691 δέ
332 631 407 704 άλλης
429 636 551 710 στρατιῆς
570 633 786 743 έστρμτῆγεον
760 661 786 697 οι
803 637 859 699 δόο.

57 715 233 797 τριηκόντεροι
250 719 278 774 δέ
293 718 338 774 καί
350 713 545 794 πεντηκόντεροι
556 720 600 777 καί
613 723 749 822 κέρκουροι
757 723 801 779 καὶ
815 747 858 824 ιμ-

57 824 176 879 παγωγα
165 798 268 860 πλοια
279 796 368 877 μακρά
381 799 545 860 συνελθόντα
558 799 622 868 ίς“
596 824 642 860 τον
651 800 791 881 όιριθμόν1
778 803 861 880 εφάνη

55 888 229 963 ενσκλιε·

124 974 168 1027 98.
193 967 250 1027 Ίίλν
264 971 322 1027 δεί
309 963 480 1068 ἐπιπλεόντων
494 964 561 1042 μετά
577 988 609 1042 γε
620 989 685 1033 τους
698 938 860 1069 στρατηγοὺς

58 1039 155 1112 οίδε
138 1072 208 1121 ησαν
230 1075 256 1110 οι
273 1048 494 1152 όνρμαστότατοι,
520 1047 644 1116 Σιδόνιος
665 1049 860 1157 Τετράμνηστος

54 1130 183 1202 Ἆνόσου,
208 1137 254 1192 καὶ
278 1132 371 1212 Τύριος
393 1130 498 1204 Μάπην
519 1129 654 1209 Σιρώμου,
681 1157 727 1192 και
717 1131 859 1211 Ἀρόδιος

59 1216 204 1294 Μέρβαλος
213 1215 353 1294 Ἀγβάλου,
374 1239 418 1274 και
409 1218 506 1281 Κίλιξ
520 1220 654 1283 Συέννεσις
663 1213 858 1294 Ὠρομέδοντος,

58 1300 105 1357 καί
122 1296 220 1366 Λάκιος
237 1302 412 1376 Κυβερνίσκος
429 1302 508 1368 Σίκα,
530 1301 574 1356 καί
587 1297 704 1376 Κόπριοι
717 1299 819 1378 Γόργος
831 1323 859 1359 τε

60 1379 76 1442 6
87 1385 202 1460 Χέρσιος
214 1386 258 1441 καί
274 1381 391 1459 Τιμώναξ
404 1381 418 1440 ό
436 1378 595 1457 Τιμαγόρεω,
614 1384 658 1438 καὶ
670 1386 770 1458 Καρόιν
780 1382 857 1442 Ἱστι-

61 1463 121 1532 οἷός
133 1488 162 1523 τε
176 1464 191 1524 ό
208 1464 311 1543 Τόμνεω
324 1468 369 1523 καὶ
382 1468 484 1541 Πίγρης
497 1461 513 1522 ό
526 1463 665 1540 Σελδόμου
678 1466 722 1523 καί
734 1469 855 1542 Δαμασί-

59 1546 358 1625 θυμοςόΚανδαόλεω.

123 1637 169 1690 99.
194 1634 251 1692 Τόν
265 1637 312 1710 μέν
325 1655 371 1692 νυν
389 1628 514 1691 άλλων’
485 1656 517 1692 ου
533 1634 738 1735 παραμιμνημμι
750 1637 857 1710 ταξιαρ-

58 1718 125 1789 γέων
137 1712 173 1779 ὧς
186 1739 233 1774 ουκ
247 1714 459 1803 ιἰναγκαζόμενος,
469 1713 626 1792 Ἀρτεμισίης
639 1717 719 1785 δέ,
688 1739 733 1790 της
745 1714 859 1822 μάλιστα

59 1804 162 1896 θῶυμοι
175 1819 309 1877 ποιευμαι,
331 1799 415 1857 έπί
389 1824 435 1871 την
446 1796 556 1858 Ἐλλάδα
574 1803 798 1902 στρατευσαμενης
810 1821 857 1874 γυ-

60 1877 162 1948 ναικὸς,
181 1880 237 1953 ῆτις
255 1880 443 1947 ἀποθανόντος
460 1905 508 1938 του
493 1878 668 1958 όινδρός’
637 1878 702 1952 αυτῆ
718 1902 747 1938 τε
761 1882 858 1953 ἔχουσα

60 1960 106 2036 τῆν
119 1986 219 2063 μυρανν
219 1967 263 2022 ίδα
279 1989 324 2022 και
314 1962 468 2030 παιδόςι
453 1960 617 2038 υπάργοντος
631 1966 732 2034 νεηνίεω
745 1960 799 2022 ὑπό
813 1960 857 2036 λῆ-

59 2043 144 2122 μστός
154 2069 184 2105 τε
196 2071 240 2105 και
230 2045 402 2153 όιγδρηίῆς’
389 2042 568 2147 εστρατεόετο,
591 2043 709 2121 οὖδεμιῆς
726 2043 859 2118 ίοόσης
833 2072 859 2106 οι

61 2127 211 2232 υσγκαίης.
239 2128 340 2231 σι’λνομμ
353 2135 399 2206 μιν
412 2119 477 2201 δη
460 2151 492 2200 ην
506 2125 572 2204 αδτῆ
582 2125 741 2205 Ἀρτεμισίη,
762 2127 856 2205 θυγά-

59 2233 107 2313 τηρ
131 2205 196 2270 δέ
179 2235 212 2284 ην
232 2211 397 2290 Λυγδάμιος,
418 2217 491 2288 γένος
513 2214 540 2270 δέ
563 2216 591 2279 ἐξ
606 2209 852 2288 Αλικαρνησσου
822 2236 858 2270 τοι

59 2292 128 2372 πρός
144 2293 258 2373 πατρός,
280 2294 315 2354 τά
330 2293 465 2373 μητρόθεν
483 2294 647 2370 δέΚρῆσσα.
674 2293 813 2371 η’γεμόνευε
830 2297 858 2354 δε

57 2375 275 2484 Ἁλικαρνησσέων
291 2404 320 2438 τε
334 2382 379 2438 καί
395 2377 479 2438 Κόων
496 2380 541 2436 καὶ
555 2381 689 2455 Νισυρίων
700 2401 728 2435 τε
739 2401 783 2434 και
774 2379 856 2439 Κα-

59 2463 178 2530 λυδνίων,
200 2466 274 2520 πέντε
296 2467 355 2529 νέας
372 2466 541 2537 παρεχομένη.
569 2463 613 2518 καί
636 2457 792 2533 συναπάσης
813 2461 858 2532 τῆς

58 2539 196 2646 στρατιῆς,
212 2534 278 2638 μετά
289 2561 321 2616 γε
331 2536 379 2604 τάς
390 2541 531 2644 Σιδονίων,
547 2543 607 2610 νέας
619 2536 804 2647 μῖιδοξυτόιτας
813 2563 873 2598 τιυ-

56 2626 166 2696 peyna,
183 2619 290 2680 παντων
304 2624 382 2681 δέ
344 2647 397 2682 των
408 2622 560 2722 συμμάχων
572 2624 686 2711 γνώμας
702 2623 825 2708 όιρίστυς
838 2623 916 2752 ΒἼ
