<?xml version="1.0" encoding="UTF-8"?>
<!DOCTYPE html PUBLIC "-//W3C//DTD XHTML 1.0 Transitional//EN"
    "http://www.w3.org/TR/xhtml1/DTD/xhtml1-transitional.dtd">
<html xmlns="http://www.w3.org/1999/xhtml" xml:lang="en" lang="en">
 <head>
  <title>
</title>
<meta http-equiv="Content-Type" content="text/html;charset=utf-8" />
  <meta name='ocr-system' content='tesseract 3.04.00' />
  <meta name='ocr-capabilities' content='ocr_page ocr_carea ocr_par ocr_line ocrx_word'/>
</head>
<body>
  <div class='ocr_page' id='page_1' title='image "./herodotihistori02herogoog_0051.png"; bbox 0 0 1920 2978; ppageno 0'>
   <div class='ocr_carea' id='block_1_1' title="bbox 114 151 611 203">
    <p class='ocr_par' dir='ltr' id='par_1_1' title="bbox 114 151 611 203">
     <span class='ocr_line' id='line_1_1' title="bbox 114 151 611 203; baseline 0.008 -7"><span class='ocrx_word' id='word_1_1' title='bbox 114 151 147 203; x_wconf 83' lang='grc'><strong><em>36</em></strong></span> <span class='ocrx_word' id='word_1_2' title='bbox 406 151 611 200; x_wconf 80' lang='lat' dir='ltr'><strong>HERODOTI</strong></span> 
     </span>
    </p>
   </div>
   <div class='ocr_carea' id='block_1_2' title="bbox 32 253 922 1495">
    <p class='ocr_par' dir='ltr' id='par_1_2' title="bbox 114 253 918 504">
     <span class='ocr_line' id='line_1_2' title="bbox 114 253 916 364; baseline -0.002 -46"><span class='ocrx_word' id='word_1_3' title='bbox 114 256 280 337; x_wconf 71' lang='grc' dir='ltr'><strong><em>χειριδωτοὺς</em></strong></span> <span class='ocrx_word' id='word_1_4' title='bbox 296 260 437 325; x_wconf 75' lang='grc' dir='ltr'><strong><em>ποικίλους,</em></strong></span> <span class='ocrx_word' id='word_1_5' title='bbox 460 260 562 322; x_wconf 76' lang='grc' dir='ltr'><strong><em>λεπίδος</em></strong></span> <span class='ocrx_word' id='word_1_6' title='bbox 581 258 699 333; x_wconf 74' lang='grc' dir='ltr'><strong><em>σιδηρέης</em></strong></span> <span class='ocrx_word' id='word_1_7' title='bbox 718 253 779 364; x_wconf 78' lang='grc' dir='ltr'><strong><em>όφιν</em></strong></span> <span class='ocrx_word' id='word_1_8' title='bbox 797 256 916 331; x_wconf 76' lang='grc' dir='ltr'><strong><em>ἰχθυοει-</em></strong></span> 
     </span>
     <span class='ocr_line' id='line_1_3' title="bbox 116 337 918 442; baseline -0.002 -40"><span class='ocrx_word' id='word_1_9' title='bbox 116 347 185 410; x_wconf 89' lang='grc' dir='ltr'><strong><em>δέος,</em></strong></span> <span class='ocrx_word' id='word_1_10' title='bbox 205 342 279 442; x_wconf 80' lang='grc' dir='ltr'><strong><em>περὶ</em></strong></span> <span class='ocrx_word' id='word_1_11' title='bbox 284 337 357 398; x_wconf 88' lang='grc' dir='ltr'><strong><em>δέ</em></strong></span> <span class='ocrx_word' id='word_1_12' title='bbox 328 365 363 398; x_wconf 90' lang='grc' dir='ltr'><strong><em>τα</em></strong></span> <span class='ocrx_word' id='word_1_13' title='bbox 382 345 471 399; x_wconf 88' lang='grc' dir='ltr'><strong><em>σκέλεα</em></strong></span> <span class='ocrx_word' id='word_1_14' title='bbox 491 337 658 416; x_wconf 74' lang='grc' dir='ltr'><strong><em>ἀναξυρίδας,</em></strong></span> <span class='ocrx_word' id='word_1_15' title='bbox 681 337 740 397; x_wconf 85' lang='grc' dir='ltr'><strong><em>άντι</em></strong></span> <span class='ocrx_word' id='word_1_16' title='bbox 731 342 786 398; x_wconf 85' lang='grc' dir='ltr'><strong><em>δὲ</em></strong></span> <span class='ocrx_word' id='word_1_17' title='bbox 800 338 918 400; x_wconf 83' lang='grc' dir='ltr'><strong><em>ἇσπίδων</em></strong></span> 
     </span>
     <span class='ocr_line' id='line_1_4' title="bbox 115 420 916 526; baseline -0.003 -43.951"><span class='ocrx_word' id='word_1_18' title='bbox 115 429 209 504; x_wconf 76' lang='grc' dir='ltr'><strong><em>γέρρα·</em></strong></span> <span class='ocrx_word' id='word_1_19' title='bbox 231 420 284 482; x_wconf 84' lang='grc' dir='ltr'><strong><em>ύπὸ</em></strong></span> <span class='ocrx_word' id='word_1_20' title='bbox 300 426 329 482; x_wconf 85' lang='grc' dir='ltr'><strong><em>δέ</em></strong></span> <span class='ocrx_word' id='word_1_21' title='bbox 342 423 517 501; x_wconf 78' lang='grc' dir='ltr'><strong><em>φαρετρεῶνες</em></strong></span> <span class='ocrx_word' id='word_1_22' title='bbox 531 427 680 526; x_wconf 70' lang='grc' dir='ltr'><strong><em>ἐκρέμαντο</em></strong></span> <span class='ocrx_word' id='word_1_23' title='bbox 703 420 798 499; x_wconf 74' lang='grc' dir='ltr'><strong><em>αἰχμάς</em></strong></span> <span class='ocrx_word' id='word_1_24' title='bbox 810 426 837 480; x_wconf 85' lang='grc' dir='ltr'><strong><em>δέ</em></strong></span> <span class='ocrx_word' id='word_1_25' title='bbox 850 424 916 501; x_wconf 81' lang='grc' dir='ltr'><strong><em>βρα-</em></strong></span> 
     </span>
    </p>

    <p class='ocr_par' dir='ltr' id='par_1_3' title="bbox 32 503 922 1413">
     <span class='ocr_line' id='line_1_5' title="bbox 32 503 918 608; baseline -0.005 -41"><span class='ocrx_word' id='word_1_26' title='bbox 32 544 34 548; x_wconf 92' lang='grc'>-</span> <span class='ocrx_word' id='word_1_27' title='bbox 115 508 178 582; x_wconf 81' lang='grc' dir='ltr'><strong><em>χίας</em></strong></span> <span class='ocrx_word' id='word_1_28' title='bbox 199 503 282 580; x_wconf 78' lang='grc' dir='ltr'><strong><em>εἶχον,</em></strong></span> <span class='ocrx_word' id='word_1_29' title='bbox 303 504 370 574; x_wconf 85' lang='grc' dir='ltr'><strong><em>τόξα</em></strong></span> <span class='ocrx_word' id='word_1_30' title='bbox 392 509 419 565; x_wconf 85' lang='grc' dir='ltr'><strong><em>δέ</em></strong></span> <span class='ocrx_word' id='word_1_31' title='bbox 440 504 555 608; x_wconf 67' lang='grc' dir='ltr'><strong><em>μργάλα,</em></strong></span> <span class='ocrx_word' id='word_1_32' title='bbox 579 503 683 572; x_wconf 80' lang='grc' dir='ltr'><strong><em>ὄὶοτούς</em></strong></span> <span class='ocrx_word' id='word_1_33' title='bbox 707 508 734 564; x_wconf 83' lang='grc' dir='ltr'><strong><em>δὲ</em></strong></span> <span class='ocrx_word' id='word_1_34' title='bbox 754 510 918 582; x_wconf 86' lang='grc' dir='ltr'><strong><em>καλαμίνους,</em></strong></span> 
     </span>
     <span class='ocr_line' id='line_1_6' title="bbox 116 586 917 691; baseline -0.004 -42"><span class='ocrx_word' id='word_1_35' title='bbox 116 589 184 669; x_wconf 89' lang='grc' dir='ltr'><strong><em>πρός</em></strong></span> <span class='ocrx_word' id='word_1_36' title='bbox 200 590 229 648; x_wconf 85' lang='grc' dir='ltr'><strong><em>δέ</em></strong></span> <span class='ocrx_word' id='word_1_37' title='bbox 246 592 384 691; x_wconf 70' lang='grc' dir='ltr'><strong><em>ἐγχειρίδια</em></strong></span> <span class='ocrx_word' id='word_1_38' title='bbox 401 588 477 667; x_wconf 83' lang='grc' dir='ltr'><strong><em>παρά</em></strong></span> <span class='ocrx_word' id='word_1_39' title='bbox 493 588 539 650; x_wconf 87' lang='grc' dir='ltr'><strong><em>τόν</em></strong></span> <span class='ocrx_word' id='word_1_40' title='bbox 556 588 639 656; x_wconf 81' lang='grc' dir='ltr'><strong><em>δεξιὸν</em></strong></span> <span class='ocrx_word' id='word_1_41' title='bbox 655 586 740 665; x_wconf 88' lang='grc' dir='ltr'><strong><em>μηρόν</em></strong></span> <span class='ocrx_word' id='word_1_42' title='bbox 751 587 917 690; x_wconf 77' lang='grc' dir='ltr'><strong><em>παραιωρεύ·</em></strong></span> 
     </span>
     <span class='ocr_line' id='line_1_7' title="bbox 116 669 919 750; baseline -0.004 -19"><span class='ocrx_word' id='word_1_43' title='bbox 116 697 182 750; x_wconf 89' lang='grc' dir='ltr'><strong><em>μενα</em></strong></span> <span class='ocrx_word' id='word_1_44' title='bbox 205 679 232 731; x_wconf 81' lang='grc' dir='ltr'><strong><em>ἐκ</em></strong></span> <span class='ocrx_word' id='word_1_45' title='bbox 251 674 296 744; x_wconf 78' lang='grc' dir='ltr'><strong><em>τῆς</em></strong></span> <span class='ocrx_word' id='word_1_46' title='bbox 319 670 404 745; x_wconf 83' lang='grc' dir='ltr'><strong><em>ζώνης.</em></strong></span> <span class='ocrx_word' id='word_1_47' title='bbox 431 674 476 731; x_wconf 82' lang='grc' dir='ltr'><strong><em>καί</em></strong></span> <span class='ocrx_word' id='word_1_48' title='bbox 495 670 610 750; x_wconf 85' lang='grc' dir='ltr'><strong><em>άρχοντα</em></strong></span> <span class='ocrx_word' id='word_1_49' title='bbox 631 676 788 748; x_wconf 83' lang='grc' dir='ltr'><strong><em>παρείχοντο</em></strong></span> <span class='ocrx_word' id='word_1_50' title='bbox 808 669 919 730; x_wconf 83' lang='grc' dir='ltr'><strong><em>Ὀτάνεα</em></strong></span> 
     </span>
     <span class='ocr_line' id='line_1_8' title="bbox 117 752 918 833; baseline -0.002 -17"><span class='ocrx_word' id='word_1_51' title='bbox 117 755 164 816; x_wconf 89' lang='grc' dir='ltr'><strong><em>τὸν</em></strong></span> <span class='ocrx_word' id='word_1_52' title='bbox 175 753 326 832; x_wconf 75' lang='grc' dir='ltr'><strong><em>Ἀμήστριος</em></strong></span> <span class='ocrx_word' id='word_1_53' title='bbox 338 759 441 832; x_wconf 89' lang='grc' dir='ltr'><strong><em>πατέρα</em></strong></span> <span class='ocrx_word' id='word_1_54' title='bbox 458 757 504 828; x_wconf 78' lang='grc' dir='ltr'><strong><em>τῆς</em></strong></span> <span class='ocrx_word' id='word_1_55' title='bbox 517 760 614 833; x_wconf 82' lang='grc' dir='ltr'><strong><em>Ξέρξεω</em></strong></span> <span class='ocrx_word' id='word_1_56' title='bbox 625 752 755 831; x_wconf 89' lang='grc' dir='ltr'><strong><em>γυναικός.</em></strong></span> <span class='ocrx_word' id='word_1_57' title='bbox 784 758 918 814; x_wconf 77' lang='grc' dir='ltr'><strong><em>ἐκαλέοντο</em></strong></span> 
     </span>
     <span class='ocr_line' id='line_1_9' title="bbox 117 834 920 914; baseline -0.002 -16"><span class='ocrx_word' id='word_1_58' title='bbox 117 842 146 898; x_wconf 85' lang='grc' dir='ltr'><strong><em>δέ</em></strong></span> <span class='ocrx_word' id='word_1_59' title='bbox 159 836 241 896; x_wconf 88' lang='grc' dir='ltr'><strong><em>πάλαι</em></strong></span> <span class='ocrx_word' id='word_1_60' title='bbox 253 835 306 897; x_wconf 87' lang='grc' dir='ltr'><strong><em>ύπό</em></strong></span> <span class='ocrx_word' id='word_1_61' title='bbox 319 842 366 914; x_wconf 87' lang='grc' dir='ltr'><strong><em>μέν</em></strong></span> <span class='ocrx_word' id='word_1_62' title='bbox 374 837 498 912; x_wconf 73' lang='grc' dir='ltr'><strong><em>Ἑλλήνων</em></strong></span> <span class='ocrx_word' id='word_1_63' title='bbox 510 839 644 911; x_wconf 76' lang='grc' dir='ltr'><strong><em>Κηφῆνες,</em></strong></span> <span class='ocrx_word' id='word_1_64' title='bbox 666 836 720 896; x_wconf 85' lang='grc' dir='ltr'><strong><em>ύπό</em></strong></span> <span class='ocrx_word' id='word_1_65' title='bbox 733 834 819 912; x_wconf 86' lang='grc' dir='ltr'><strong><em>μέντοι</em></strong></span> <span class='ocrx_word' id='word_1_66' title='bbox 833 842 920 911; x_wconf 87' lang='grc' dir='ltr'><strong><em>σφέων</em></strong></span> 
     </span>
     <span class='ocr_line' id='line_1_10' title="bbox 119 917 920 998; baseline 0 -18"><span class='ocrx_word' id='word_1_67' title='bbox 119 919 206 980; x_wconf 82' lang='grc' dir='ltr'><strong><em>αύτῶν</em></strong></span> <span class='ocrx_word' id='word_1_68' title='bbox 223 922 335 981; x_wconf 77' lang='grc' dir='ltr'><strong><em>καὶτῶν</em></strong></span> <span class='ocrx_word' id='word_1_69' title='bbox 352 925 487 998; x_wconf 88' lang='grc' dir='ltr'><strong><em>περιοίκων</em></strong></span> <span class='ocrx_word' id='word_1_70' title='bbox 500 919 622 998; x_wconf 78' lang='grc' dir='ltr'><strong><em>Ἀρταῖοι.</em></strong></span> <span class='ocrx_word' id='word_1_71' title='bbox 651 923 706 979; x_wconf 79' lang='grc' dir='ltr'><strong><em>ἐπεὶ</em></strong></span> <span class='ocrx_word' id='word_1_72' title='bbox 725 924 753 980; x_wconf 83' lang='grc' dir='ltr'><strong><em>δέ</em></strong></span> <span class='ocrx_word' id='word_1_73' title='bbox 765 918 885 998; x_wconf 85' lang='grc' dir='ltr'><strong><em>Περσεύς</em></strong></span> <span class='ocrx_word' id='word_1_74' title='bbox 904 917 920 980; x_wconf 86' lang='grc' dir='ltr'><strong><em>δ</em></strong></span> 
     </span>
     <span class='ocr_line' id='line_1_11' title="bbox 118 1001 921 1113; baseline -0.002 -48"><span class='ocrx_word' id='word_1_75' title='bbox 118 1002 226 1113; x_wconf 76' lang='grc' dir='ltr'><strong><em>Δανρίης</em></strong></span> <span class='ocrx_word' id='word_1_76' title='bbox 243 1006 333 1064; x_wconf 77' lang='grc' dir='ltr'><strong><em>τεκαὶ</em></strong></span> <span class='ocrx_word' id='word_1_77' title='bbox 351 1003 414 1071; x_wconf 86' lang='grc' dir='ltr'><strong><em>’Διὸς</em></strong></span> <span class='ocrx_word' id='word_1_78' title='bbox 437 1003 540 1064; x_wconf 82' lang='grc' dir='ltr'><strong><em>άπίκετο</em></strong></span> <span class='ocrx_word' id='word_1_79' title='bbox 560 1001 636 1082; x_wconf 81' lang='grc' dir='ltr'><strong><em>παρὰ</em></strong></span> <span class='ocrx_word' id='word_1_80' title='bbox 653 1007 750 1078; x_wconf 85' lang='grc' dir='ltr'><strong><em>Κηφέα</em></strong></span> <span class='ocrx_word' id='word_1_81' title='bbox 768 1002 814 1064; x_wconf 86' lang='grc' dir='ltr'><strong><em>τὸν</em></strong></span> <span class='ocrx_word' id='word_1_82' title='bbox 831 1001 921 1076; x_wconf 74' lang='grc' dir='ltr'><strong><em>Βήλου</em></strong></span> 
     </span>
     <span class='ocr_line' id='line_1_12' title="bbox 118 1084 919 1189; baseline -0.004 -42"><span class='ocrx_word' id='word_1_83' title='bbox 118 1090 163 1147; x_wconf 75' lang='grc' dir='ltr'><strong><em>καί</em></strong></span> <span class='ocrx_word' id='word_1_84' title='bbox 176 1090 235 1160; x_wconf 79' lang='grc' dir='ltr'><strong><em>έσχε</em></strong></span> <span class='ocrx_word' id='word_1_85' title='bbox 249 1086 332 1189; x_wconf 70' lang='grc' dir='ltr'><strong><em>αυτού</em></strong></span> <span class='ocrx_word' id='word_1_86' title='bbox 345 1085 392 1163; x_wconf 71' lang='grc' dir='ltr'><strong><em>τὴν</em></strong></span> <span class='ocrx_word' id='word_1_87' title='bbox 404 1091 545 1164; x_wconf 85' lang='grc' dir='ltr'><strong><em>θυγατέρα</em></strong></span> <span class='ocrx_word' id='word_1_88' title='bbox 555 1084 748 1165; x_wconf 73' lang='grc' dir='ltr'><strong><em>Ἀνδρομέδην,</em></strong></span> <span class='ocrx_word' id='word_1_89' title='bbox 757 1091 856 1162; x_wconf 89' lang='grc' dir='ltr'><strong><em>γίνεται</em></strong></span> <span class='ocrx_word' id='word_1_90' title='bbox 870 1084 919 1145; x_wconf 84' lang='grc' dir='ltr'><strong><em>αιἰ-</em></strong></span> 
     </span>
     <span class='ocr_line' id='line_1_13' title="bbox 117 1166 920 1270; baseline -0.004 -39.985"><span class='ocrx_word' id='word_1_91' title='bbox 117 1173 154 1248; x_wconf 77' lang='grc' dir='ltr'><strong><em>τῷ</em></strong></span> <span class='ocrx_word' id='word_1_92' title='bbox 168 1177 230 1236; x_wconf 79' lang='grc' dir='ltr'><strong><em>παῖς</em></strong></span> <span class='ocrx_word' id='word_1_93' title='bbox 242 1170 278 1247; x_wconf 77' lang='grc' dir='ltr'><strong><em>τῷ</em></strong></span> <span class='ocrx_word' id='word_1_94' title='bbox 293 1167 392 1270; x_wconf 82' lang='grc' dir='ltr'><strong><em>ρύνομα</em></strong></span> <span class='ocrx_word' id='word_1_95' title='bbox 406 1172 486 1229; x_wconf 68' lang='grc' dir='ltr'><strong><em>ἔθετο</em></strong></span> <span class='ocrx_word' id='word_1_96' title='bbox 499 1174 613 1246; x_wconf 80' lang='grc' dir='ltr'><strong><em>Πέρσην,</em></strong></span> <span class='ocrx_word' id='word_1_97' title='bbox 626 1170 721 1227; x_wconf 75' lang='grc' dir='ltr'><strong><em>τοῦτον</em></strong></span> <span class='ocrx_word' id='word_1_98' title='bbox 735 1166 808 1226; x_wconf 78' lang='grc' dir='ltr'><strong><em>δέ’</em></strong></span> <span class='ocrx_word' id='word_1_99' title='bbox 776 1169 859 1227; x_wconf 87' lang='grc' dir='ltr'><strong><em>αυτού</em></strong></span> <span class='ocrx_word' id='word_1_100' title='bbox 871 1193 920 1227; x_wconf 93' lang='grc' dir='ltr'><strong><em>κα</em></strong></span> 
     </span>
     <span class='ocr_line' id='line_1_14' title="bbox 118 1229 922 1358; baseline 0 -46"><span class='ocrx_word' id='word_1_101' title='bbox 118 1229 242 1312; x_wconf 83' lang='grc' dir='ltr'><strong><em>τάλείπει·</em></strong></span> <span class='ocrx_word' id='word_1_102' title='bbox 264 1250 388 1358; x_wconf 77' lang='grc' dir='ltr'><strong><em>ἐτύγχανε</em></strong></span> <span class='ocrx_word' id='word_1_103' title='bbox 409 1249 464 1352; x_wconf 83' lang='grc' dir='ltr'><strong><em>γάρ</em></strong></span> <span class='ocrx_word' id='word_1_104' title='bbox 486 1247 567 1317; x_wconf 86' lang='grc' dir='ltr'><strong><em>άπαις</em></strong></span> <span class='ocrx_word' id='word_1_105' title='bbox 588 1249 672 1309; x_wconf 76' lang='grc' dir='ltr'><strong><em>ἐών</em></strong></span> <span class='ocrx_word' id='word_1_106' title='bbox 658 1249 832 1325; x_wconf 82' lang='grc' dir='ltr'><strong><em>οΚηφεύς”</em></strong></span> <span class='ocrx_word' id='word_1_107' title='bbox 816 1275 922 1330; x_wconf 83' lang='grc' dir='ltr'><strong><em>ερσενος</em></strong></span> 
     </span>
     <span class='ocr_line' id='line_1_15' title="bbox 119 1331 738 1413; baseline -0.008 -18"><span class='ocrx_word' id='word_1_108' title='bbox 119 1334 207 1413; x_wconf 86' lang='grc' dir='ltr'><strong><em>γόνου.</em></strong></span> <span class='ocrx_word' id='word_1_109' title='bbox 235 1333 278 1393; x_wconf 75' lang='grc' dir='ltr'><strong><em>ἐπὶ</em></strong></span> <span class='ocrx_word' id='word_1_110' title='bbox 290 1333 384 1394; x_wconf 87' lang='grc' dir='ltr'><strong><em>τούτου</em></strong></span> <span class='ocrx_word' id='word_1_111' title='bbox 398 1331 464 1392; x_wconf 83' lang='grc' dir='ltr'><strong><em>δέ</em></strong></span> <span class='ocrx_word' id='word_1_112' title='bbox 438 1357 484 1408; x_wconf 90' lang='grc' dir='ltr'><strong><em>την</em></strong></span> <span class='ocrx_word' id='word_1_113' title='bbox 497 1338 639 1409; x_wconf 75' lang='grc' dir='ltr'><strong><em>ἐπωνυμίην</em></strong></span> <span class='ocrx_word' id='word_1_114' title='bbox 653 1334 738 1406; x_wconf 79' lang='grc' dir='ltr'><strong><em>έσχον</em></strong></span> 
     </span>
    </p>

    <p class='ocr_par' dir='ltr' id='par_1_4' title="bbox 183 1413 919 1495">
     <span class='ocr_line' id='line_1_16' title="bbox 183 1413 919 1495; baseline -0.003 -18"><span class='ocrx_word' id='word_1_115' title='bbox 183 1424 225 1477; x_wconf 75' lang='lat'><strong><em>62.</em></strong></span> <span class='ocrx_word' id='word_1_116' title='bbox 246 1418 338 1490; x_wconf 78' lang='grc' dir='ltr'><strong><em>Μῆδοι</em></strong></span> <span class='ocrx_word' id='word_1_117' title='bbox 352 1415 422 1476; x_wconf 75' lang='grc' dir='ltr'><strong><em>δι’</em></strong></span> <span class='ocrx_word' id='word_1_118' title='bbox 396 1440 443 1490; x_wconf 88' lang='grc' dir='ltr'><strong><em>την</em></strong></span> <span class='ocrx_word' id='word_1_119' title='bbox 462 1413 541 1491; x_wconf 78' lang='grc' dir='ltr'><strong><em>αύτίην</em></strong></span> <span class='ocrx_word' id='word_1_120' title='bbox 553 1415 649 1490; x_wconf 85' lang='grc' dir='ltr'><strong><em>ταύτην</em></strong></span> <span class='ocrx_word' id='word_1_121' title='bbox 662 1421 811 1495; x_wconf 78' lang='grc' dir='ltr'><strong><em>ἐσταλμένοι</em></strong></span> <span class='ocrx_word' id='word_1_122' title='bbox 823 1424 919 1494; x_wconf 73' lang='grc' dir='ltr'><strong><em>ἐστρα-</em></strong></span> 
     </span>
    </p>
   </div>
   <div class='ocr_carea' id='block_1_3' title="bbox 116 1498 926 2150">
    <p class='ocr_par' dir='ltr' id='par_1_5' title="bbox 120 1498 926 2078">
     <span class='ocr_line' id='line_1_17' title="bbox 120 1498 919 1578; baseline -0.003 -16"><span class='ocrx_word' id='word_1_123' title='bbox 120 1498 240 1562; x_wconf 87' lang='grc' dir='ltr'><strong><em>τεύοντο·</em></strong></span> <span class='ocrx_word' id='word_1_124' title='bbox 261 1499 366 1574; x_wconf 82' lang='grc' dir='ltr'><strong><em>Μηδικὴ</em></strong></span> <span class='ocrx_word' id='word_1_125' title='bbox 379 1499 432 1578; x_wconf 87' lang='grc' dir='ltr'><strong><em>γάρ</em></strong></span> <span class='ocrx_word' id='word_1_126' title='bbox 446 1499 541 1575; x_wconf 78' lang='grc' dir='ltr'><strong><em>αύτηὴ</em></strong></span> <span class='ocrx_word' id='word_1_127' title='bbox 556 1499 633 1573; x_wconf 76' lang='grc' dir='ltr'><strong><em>σκευή</em></strong></span> <span class='ocrx_word' id='word_1_128' title='bbox 648 1504 760 1563; x_wconf 79' lang='grc' dir='ltr'><strong><em>ἐστικαὶ</em></strong></span> <span class='ocrx_word' id='word_1_129' title='bbox 774 1498 805 1559; x_wconf 82' lang='grc' dir='ltr'><strong><em>ού</em></strong></span> <span class='ocrx_word' id='word_1_130' title='bbox 819 1513 919 1578; x_wconf 89' lang='grc' dir='ltr'><strong><em>Περσι-</em></strong></span> 
     </span>
     <span class='ocr_line' id='line_1_18' title="bbox 120 1581 923 1685; baseline 0.001 -44"><span class='ocrx_word' id='word_1_131' title='bbox 120 1582 160 1657; x_wconf 77' lang='grc' dir='ltr'><strong><em>κη</em></strong></span> <span class='ocrx_word' id='word_1_132' title='bbox 189 1584 215 1642; x_wconf 80' lang='grc' dir='ltr'><strong><em>οἱ</em></strong></span> <span class='ocrx_word' id='word_1_133' title='bbox 237 1585 265 1642; x_wconf 87' lang='grc' dir='ltr'><strong><em>δέ</em></strong></span> <span class='ocrx_word' id='word_1_134' title='bbox 283 1583 376 1655; x_wconf 70' lang='grc' dir='ltr'><strong><em>Μῆδοι</em></strong></span> <span class='ocrx_word' id='word_1_135' title='bbox 397 1581 512 1661; x_wconf 87' lang='grc' dir='ltr'><strong><em>άρχοντα</em></strong></span> <span class='ocrx_word' id='word_1_136' title='bbox 534 1588 580 1658; x_wconf 85' lang='grc' dir='ltr'><strong><em>μὲν</em></strong></span> <span class='ocrx_word' id='word_1_137' title='bbox 602 1589 757 1660; x_wconf 85' lang='grc' dir='ltr'><strong><em>παρείχοντο</em></strong></span> <span class='ocrx_word' id='word_1_138' title='bbox 774 1583 923 1685; x_wconf 74' lang='grc' dir='ltr'><strong><em>Τιγράνην,</em></strong></span> 
     </span>
     <span class='ocr_line' id='line_1_19' title="bbox 121 1663 923 1744; baseline 0.002 -20"><span class='ocrx_word' id='word_1_139' title='bbox 121 1665 206 1744; x_wconf 82' lang='grc' dir='ltr'><strong><em>άνδρα</em></strong></span> <span class='ocrx_word' id='word_1_140' title='bbox 219 1663 408 1743; x_wconf 79' lang='grc' dir='ltr'><strong><em>Ἀχαιμενίδην,</em></strong></span> <span class='ocrx_word' id='word_1_141' title='bbox 429 1671 563 1726; x_wconf 75' lang='grc' dir='ltr'><strong><em>ἐκαλέοντο</em></strong></span> <span class='ocrx_word' id='word_1_142' title='bbox 581 1669 610 1724; x_wconf 88' lang='grc' dir='ltr'><strong><em>δέ</em></strong></span> <span class='ocrx_word' id='word_1_143' title='bbox 632 1665 734 1725; x_wconf 90' lang='grc' dir='ltr'><strong><em>πάλαι</em></strong></span> <span class='ocrx_word' id='word_1_144' title='bbox 732 1663 799 1742; x_wconf 86' lang='grc' dir='ltr'><strong><em>πρὸς</em></strong></span> <span class='ocrx_word' id='word_1_145' title='bbox 816 1666 923 1726; x_wconf 82' lang='grc' dir='ltr'><strong><em>πάντων</em></strong></span> 
     </span>
     <span class='ocr_line' id='line_1_20' title="bbox 116 1746 922 1856; baseline 0.003 -49.01"><span class='ocrx_word' id='word_1_146' title='bbox 116 1746 212 1856; x_wconf 83' lang='grc' dir='ltr'><strong><em>Ἀριοι,</em></strong></span> <span class='ocrx_word' id='word_1_147' title='bbox 235 1747 389 1825; x_wconf 81' lang='grc' dir='ltr'><strong><em>ἀπικομένης</em></strong></span> <span class='ocrx_word' id='word_1_148' title='bbox 407 1751 434 1807; x_wconf 87' lang='grc' dir='ltr'><strong><em>δέ</em></strong></span> <span class='ocrx_word' id='word_1_149' title='bbox 452 1751 569 1849; x_wconf 85' lang='grc' dir='ltr'><strong><em>Μηδείης</em></strong></span> <span class='ocrx_word' id='word_1_150' title='bbox 586 1772 631 1825; x_wconf 89' lang='grc' dir='ltr'><strong><em>της</em></strong></span> <span class='ocrx_word' id='word_1_151' title='bbox 648 1751 777 1821; x_wconf 86' lang='grc' dir='ltr'><strong><em>Κολχίδος</em></strong></span> <span class='ocrx_word' id='word_1_152' title='bbox 795 1755 822 1817; x_wconf 78' lang='grc' dir='ltr'><strong><em>ἐξ</em></strong></span> <span class='ocrx_word' id='word_1_153' title='bbox 834 1747 922 1824; x_wconf 86' lang='grc' dir='ltr'><strong><em>Ἀθη-</em></strong></span> 
     </span>
     <span class='ocr_line' id='line_1_21' title="bbox 122 1829 922 1936; baseline 0.005 -46"><span class='ocrx_word' id='word_1_154' title='bbox 122 1836 184 1891; x_wconf 86' lang='grc' dir='ltr'><strong><em>νέων</em></strong></span> <span class='ocrx_word' id='word_1_155' title='bbox 197 1837 223 1900; x_wconf 81' lang='grc' dir='ltr'><strong><em>ές</em></strong></span> <span class='ocrx_word' id='word_1_156' title='bbox 235 1829 295 1934; x_wconf 78' lang='grc' dir='ltr'><strong><em>τρύς</em></strong></span> <span class='ocrx_word' id='word_1_157' title='bbox 304 1829 404 1909; x_wconf 89' lang='grc' dir='ltr'><strong><em>Ἀρίους</em></strong></span> <span class='ocrx_word' id='word_1_158' title='bbox 416 1831 524 1936; x_wconf 69' lang='grc' dir='ltr'><strong><em>τούτους</em></strong></span> <span class='ocrx_word' id='word_1_159' title='bbox 536 1834 675 1918; x_wconf 81' lang='grc' dir='ltr'><strong><em>μετέβαλον</em></strong></span> <span class='ocrx_word' id='word_1_160' title='bbox 688 1835 733 1890; x_wconf 81' lang='grc' dir='ltr'><strong><em>καὶ</em></strong></span> <span class='ocrx_word' id='word_1_161' title='bbox 746 1837 818 1893; x_wconf 84' lang='grc' dir='ltr'><strong><em>ούτοι</em></strong></span> <span class='ocrx_word' id='word_1_162' title='bbox 830 1831 862 1893; x_wconf 86' lang='grc' dir='ltr'><strong><em>τό</em></strong></span> <span class='ocrx_word' id='word_1_163' title='bbox 875 1831 922 1894; x_wconf 80' lang='grc' dir='ltr'><strong><em>ού-</em></strong></span> 
     </span>
     <span class='ocr_line' id='line_1_22' title="bbox 121 1905 922 2018; baseline 0.006 -46"><span class='ocrx_word' id='word_1_164' title='bbox 121 1939 199 1992; x_wconf 89' lang='grc' dir='ltr'><strong><em>νομα.</em></strong></span> <span class='ocrx_word' id='word_1_165' title='bbox 227 1913 303 1974; x_wconf 84' lang='grc' dir='ltr'><strong><em>αύτοι</em></strong></span> <span class='ocrx_word' id='word_1_166' title='bbox 293 1917 343 1974; x_wconf 87' lang='grc' dir='ltr'><strong><em>δε</em></strong></span> <span class='ocrx_word' id='word_1_167' title='bbox 340 1916 416 1992; x_wconf 72' lang='grc' dir='ltr'><strong><em>περὶ</em></strong></span> <span class='ocrx_word' id='word_1_168' title='bbox 430 1918 517 1990; x_wconf 87' lang='grc' dir='ltr'><strong><em>σφέων</em></strong></span> <span class='ocrx_word' id='word_1_169' title='bbox 530 1905 580 1979; x_wconf 80' lang='grc' dir='ltr'><strong><em>ὦδε</em></strong></span> <span class='ocrx_word' id='word_1_170' title='bbox 594 1919 710 2018; x_wconf 68' lang='grc' dir='ltr'><strong><em>λέγουσι</em></strong></span> <span class='ocrx_word' id='word_1_171' title='bbox 713 1917 811 1989; x_wconf 89' lang='grc' dir='ltr'><strong><em>Μηδοι.</em></strong></span> <span class='ocrx_word' id='word_1_172' title='bbox 850 1921 922 1977; x_wconf 84' lang='grc' dir='ltr'><strong><em>Κίσ-</em></strong></span> 
     </span>
     <span class='ocr_line' id='line_1_23' title="bbox 122 1995 926 2150; baseline 0.004 -93"><span class='ocrx_word' id='word_1_173' title='bbox 122 2022 177 2058; x_wconf 88' lang='grc' dir='ltr'><strong><em>σιοι</em></strong></span> <span class='ocrx_word' id='word_1_174' title='bbox 198 2001 227 2057; x_wconf 87' lang='grc' dir='ltr'><strong><em>δέ</em></strong></span> <span class='ocrx_word' id='word_1_175' title='bbox 249 1996 498 2150; x_wconf 63' lang='grc' dir='ltr'><strong><em>στρατευῷιενοι</em></strong></span> <span class='ocrx_word' id='word_1_176' title='bbox 469 2024 503 2059; x_wconf 89' lang='grc' dir='ltr'><strong><em>τα</em></strong></span> <span class='ocrx_word' id='word_1_177' title='bbox 525 2002 572 2075; x_wconf 84' lang='grc' dir='ltr'><strong><em>μὲν</em></strong></span> <span class='ocrx_word' id='word_1_178' title='bbox 594 1995 659 2060; x_wconf 83' lang='grc' dir='ltr'><strong><em>άλλα</em></strong></span> <span class='ocrx_word' id='word_1_179' title='bbox 679 1999 796 2084; x_wconf 78' lang='grc' dir='ltr'><strong><em>κατάπερ</em></strong></span> <span class='ocrx_word' id='word_1_180' title='bbox 818 2005 926 2078; x_wconf 84' lang='grc' dir='ltr'><strong><em>Πέρσαι</em></strong></span> 
     </span>
    </p>
   </div>
   <div class='ocr_carea' id='block_1_4' title="bbox 120 2154 926 2605">
    <p class='ocr_par' dir='ltr' id='par_1_6' title="bbox 120 2154 926 2409">
     <span class='ocr_line' id='line_1_24' title="bbox 122 2154 926 2267; baseline 0.005 -45"><span class='ocrx_word' id='word_1_181' title='bbox 122 2167 186 2222; x_wconf 88' lang='grc' dir='ltr'><strong><em>σίων</em></strong></span> <span class='ocrx_word' id='word_1_182' title='bbox 199 2154 257 2222; x_wconf 88' lang='grc' dir='ltr'><strong><em>δέ</em></strong></span> <span class='ocrx_word' id='word_1_183' title='bbox 240 2187 305 2242; x_wconf 90' lang='grc' dir='ltr'><strong><em>ηρχε</em></strong></span> <span class='ocrx_word' id='word_1_184' title='bbox 312 2163 426 2239; x_wconf 78' lang='grc' dir='ltr'><strong><em>Ἀνάφης</em></strong></span> <span class='ocrx_word' id='word_1_185' title='bbox 440 2163 454 2224; x_wconf 85' lang='grc' dir='ltr'><strong><em>ό</em></strong></span> <span class='ocrx_word' id='word_1_186' title='bbox 467 2162 587 2224; x_wconf 88' lang='grc' dir='ltr'><strong><em>Οτάνεω</em></strong></span> <span class='ocrx_word' id='word_1_187' title='bbox 619 2164 751 2266; x_wconf 76' lang='grc' dir='ltr'><strong><em>Ὑρκάνιοι</em></strong></span> <span class='ocrx_word' id='word_1_188' title='bbox 765 2167 792 2223; x_wconf 86' lang='grc' dir='ltr'><strong><em>δέ</em></strong></span> <span class='ocrx_word' id='word_1_189' title='bbox 805 2165 926 2267; x_wconf 85' lang='grc' dir='ltr'><strong><em>κμτάπερ</em></strong></span> 
     </span>
     <span class='ocr_line' id='line_1_25' title="bbox 121 2245 925 2349; baseline 0.009 -44"><span class='ocrx_word' id='word_1_190' title='bbox 121 2252 227 2349; x_wconf 85' lang='grc' dir='ltr'><strong><em>Πέρσαι</em></strong></span> <span class='ocrx_word' id='word_1_191' title='bbox 243 2245 402 2323; x_wconf 78' lang='grc' dir='ltr'><strong><em>ἐσεσάχατο,</em></strong></span> <span class='ocrx_word' id='word_1_192' title='bbox 428 2246 544 2325; x_wconf 87' lang='grc' dir='ltr'><strong><em>ηγεμάνα</em></strong></span> <span class='ocrx_word' id='word_1_193' title='bbox 560 2247 733 2327; x_wconf 84' lang='grc' dir='ltr'><strong><em>παρεχόμενοι</em></strong></span> <span class='ocrx_word' id='word_1_194' title='bbox 746 2247 925 2326; x_wconf 84' lang='grc' dir='ltr'><strong><em>Μεγάπανον,</em></strong></span> 
     </span>
     <span class='ocr_line' id='line_1_26' title="bbox 120 2326 820 2433; baseline 0.003 -44"><span class='ocrx_word' id='word_1_195' title='bbox 120 2326 168 2390; x_wconf 88' lang='grc' dir='ltr'><strong><em>τόν</em></strong></span> <span class='ocrx_word' id='word_1_196' title='bbox 180 2328 370 2433; x_wconf 59' lang='grc' dir='ltr'><strong><em>Βαξλυλάνος”</em></strong></span> <span class='ocrx_word' id='word_1_197' title='bbox 352 2354 463 2409; x_wconf 88' lang='grc' dir='ltr'><strong><em>υστερον</em></strong></span> <span class='ocrx_word' id='word_1_198' title='bbox 476 2330 575 2392; x_wconf 86' lang='grc' dir='ltr'><strong><em>τούτων</em></strong></span> <span class='ocrx_word' id='word_1_199' title='bbox 587 2328 820 2409; x_wconf 73' lang='grc' dir='ltr'><strong><em>ἐπιτροπεύσαντα.</em></strong></span> 
     </span>
    </p>

    <p class='ocr_par' dir='ltr' id='par_1_7' title="bbox 120 2411 923 2578">
     <span class='ocr_line' id='line_1_27' title="bbox 183 2411 921 2517; baseline 0.006 -44"><span class='ocrx_word' id='word_1_200' title='bbox 183 2420 226 2474; x_wconf 70' lang='grc'><strong><em>63.</em></strong></span> <span class='ocrx_word' id='word_1_201' title='bbox 236 2411 370 2517; x_wconf 76' lang='grc' dir='ltr'><strong><em>Ἀσσύριοι</em></strong></span> <span class='ocrx_word' id='word_1_202' title='bbox 382 2418 411 2474; x_wconf 84' lang='grc' dir='ltr'><strong><em>δέ</em></strong></span> <span class='ocrx_word' id='word_1_203' title='bbox 424 2414 622 2493; x_wconf 80' lang='grc' dir='ltr'><strong><em>στρατευόμενοι</em></strong></span> <span class='ocrx_word' id='word_1_204' title='bbox 634 2416 694 2491; x_wconf 80' lang='grc' dir='ltr'><strong><em>περὶ</em></strong></span> <span class='ocrx_word' id='word_1_205' title='bbox 706 2418 752 2489; x_wconf 82' lang='grc' dir='ltr'><strong><em>μέν</em></strong></span> <span class='ocrx_word' id='word_1_206' title='bbox 764 2417 826 2494; x_wconf 78' lang='grc' dir='ltr'><strong><em>τῇσι</em></strong></span> <span class='ocrx_word' id='word_1_207' title='bbox 838 2440 921 2491; x_wconf 89' lang='grc' dir='ltr'><strong><em>κεφα-</em></strong></span> 
     </span>
     <span class='ocr_line' id='line_1_28' title="bbox 120 2494 923 2605; baseline 0.009 -52"><span class='ocrx_word' id='word_1_208' title='bbox 120 2497 181 2572; x_wconf 79' lang='grc' dir='ltr'><strong><em>λῇσι</em></strong></span> <span class='ocrx_word' id='word_1_209' title='bbox 201 2494 272 2570; x_wconf 75' lang='grc' dir='ltr'><strong><em>εἶχον</em></strong></span> <span class='ocrx_word' id='word_1_210' title='bbox 291 2496 389 2600; x_wconf 73' lang='grc' dir='ltr'><strong><em>χάλκεά</em></strong></span> <span class='ocrx_word' id='word_1_211' title='bbox 409 2522 438 2559; x_wconf 89' lang='grc' dir='ltr'><strong><em>τε</em></strong></span> <span class='ocrx_word' id='word_1_212' title='bbox 458 2497 555 2599; x_wconf 84' lang='grc' dir='ltr'><strong><em>κράνεα</em></strong></span> <span class='ocrx_word' id='word_1_213' title='bbox 576 2522 622 2556; x_wconf 87' lang='grc' dir='ltr'><strong><em>και</em></strong></span> <span class='ocrx_word' id='word_1_214' title='bbox 612 2498 800 2576; x_wconf 83' lang='grc' dir='ltr'><strong><em>πεπλεγμένα</em></strong></span> <span class='ocrx_word' id='word_1_215' title='bbox 822 2499 923 2605; x_wconf 84' lang='grc' dir='ltr'><strong><em>τρόπον</em></strong></span> 
     </span>
    </p>
   </div>
   <div class='ocr_carea' id='block_1_5' title="bbox 51 2576 925 2818">
    <p class='ocr_par' dir='ltr' id='par_1_8' title="bbox 51 2576 923 2818">
     <span class='ocr_line' id='line_1_29' title="bbox 120 2576 923 2659; baseline 0.009 -24"><span class='ocrx_word' id='word_1_216' title='bbox 120 2602 179 2637; x_wconf 85' lang='grc' dir='ltr'><strong><em>τινα</em></strong></span> <span class='ocrx_word' id='word_1_217' title='bbox 167 2576 376 2659; x_wconf 76' lang='grc' dir='ltr'><strong><em>βάρβαρον’</em></strong></span> <span class='ocrx_word' id='word_1_218' title='bbox 348 2606 394 2642; x_wconf 91' lang='grc' dir='ltr'><strong><em>ουκ</em></strong></span> <span class='ocrx_word' id='word_1_219' title='bbox 406 2579 584 2658; x_wconf 79' lang='grc' dir='ltr'><strong><em>εύαπῆγητον,</em></strong></span> <span class='ocrx_word' id='word_1_220' title='bbox 601 2580 716 2650; x_wconf 85' lang='grc' dir='ltr'><strong><em>άσπίδας</em></strong></span> <span class='ocrx_word' id='word_1_221' title='bbox 728 2587 756 2642; x_wconf 86' lang='grc' dir='ltr'><strong><em>δέ</em></strong></span> <span class='ocrx_word' id='word_1_222' title='bbox 768 2586 813 2643; x_wconf 81' lang='grc' dir='ltr'><strong><em>καί</em></strong></span> <span class='ocrx_word' id='word_1_223' title='bbox 828 2582 923 2659; x_wconf 74' lang='grc' dir='ltr'><strong><em>αἰχμάς</em></strong></span> 
     </span>
     <span class='ocr_line' id='line_1_30' title="bbox 51 2661 925 2818; baseline 0.006 -97"><span class='ocrx_word' id='word_1_224' title='bbox 51 2661 154 2818; x_wconf 51' lang='lat' dir='ltr'><strong><em>hm)</em></strong></span> <span class='ocrx_word' id='word_1_225' title='bbox 162 2667 323 2742; x_wconf 57' lang='lat' dir='ltr'><em>melda</em></span> <span class='ocrx_word' id='word_1_226' title='bbox 348 2663 531 2748; x_wconf 73' lang='grc' dir='ltr'><strong><em>παραπλήσια</em></strong></span> <span class='ocrx_word' id='word_1_227' title='bbox 556 2690 629 2729; x_wconf 85' lang='grc' dir='ltr'><strong><em>τοισι</em></strong></span> <span class='ocrx_word' id='word_1_228' title='bbox 655 2668 822 2745; x_wconf 68' lang='grc' dir='ltr'><strong><em>Αἱηυιιτίυισι</em></strong></span> <span class='ocrx_word' id='word_1_229' title='bbox 845 2665 925 2738; x_wconf 70' lang='grc' dir='ltr'><strong><em>εἶχεν</em></strong></span> 
     </span>
    </p>
   </div>
   <div class='ocr_carea' id='block_1_6' title="bbox 0 0 972 2978">
    <p class='ocr_par' dir='ltr' id='par_1_9' title="bbox 0 0 972 2978">
     <span class='ocr_line' id='line_1_31' title="bbox 0 0 972 2978; baseline 0 0"><span class='ocrx_word' id='word_1_230' title='bbox 0 0 972 2978; x_wconf 95' lang='lat' dir='ltr'><strong><em> </em></strong></span> 
     </span>
    </p>
   </div>
  </div>
 </body>
</html>
