1920 2978
158 119 192 170 ss
456 122 665 171 HERODOTI

223 234 266 289 88.
282 222 425 304 Ἵππαρχοι
438 229 466 284 δὲ
476 217 546 298 ἦσαν
556 224 736 302 Ἁρμαμίθρης
747 249 776 284 τε
788 227 832 285 καί
849 231 960 288 Τίθαιο

160 307 259 376 Δότιος
272 311 371 374 παῖδες.
400 308 415 368 6
434 313 461 366 δὲ
478 313 562 385 τρίτος
580 333 628 383 σφι
642 311 823 386 συνίππαρχος
840 309 947 388 Φαρνοό

157 415 206 467 χης
217 396 399 452 καταλέλειπτο
413 398 440 450 ἐν
452 389 566 468 Σάρδισι
578 396 682 451 νοσέων.
710 389 745 458 ὦς
761 390 814 470 χόρ
833 390 956 471 ὁρμέωντ

160 482 187 535 ίκ
203 478 338 554 Σαρδίων,
358 477 401 534 ἐπὶ
418 472 558 575 συμφορὴν
575 479 678 534 ἐνόιεαε
694 472 863 547 ἀνεθέλητον·
884 473 946 535 ἐλαό

158 580 231 618 νοντι
243 557 297 637 χόρ
311 582 338 618 οι
347 555 400 618 ὑπὸ
413 554 474 622 τοίις
486 556 573 624 πόδας
585 559 634 618 τοῦ
646 560 729 617 ἵππου
742 556 916 636 ιπίδραμε’
885 581 953 617 κυων

159 643 204 701 καὶ
226 640 241 701 6
264 643 345 706 ίππος
365 663 397 697 ου
384 637 531 740 ’προὶδρδν
547 639 671 715 ἐφοβήθη
688 664 716 699 τε
733 643 778 700 καί
794 639 857 707 στόις
875 639 960 720 όρθό

160 719 360 783 ἇπεσείσατο
333 744 381 781 τον
396 720 564 800 Φαρνούχεα,
581 722 671 783 πεσόν
683 719 758 783 δὲ
725 722 792 800 αιμό
803 747 832 782 τε
844 721 904 801 η’μεε
917 749 951 782 κα

158 814 184 873 ἐς
197 810 296 880 φθίσιν
306 804 463 881 περιῆλθε(
447 831 464 910 ρ
478 808 581 873 νοόσος.
603 805 650 866 τὸν
662 808 716 865 65⁰
704 829 786 866 ιππον
799 805 891 865 αίπίκα
903 802 958 866 κατ’

159 885 243 989 ἆρχας
255 891 422 960 ἐποίησαν
396 913 422 948 οι
435 890 529 949 οικέται
543 888 578 956 ὦς
591 895 741 948 ε’κίλευε·’
727 913 753 957 ες
770 889 817 950 τὸν
831 890 919 968 χῶρον

158 973 243 1049 τῷπέρ
266 970 438 1046 κατέβαλε“
412 996 459 1032 τον
480 971 645 1033 δεσπότεα’
630 970 826 1050 απαχαχόνιις,
848 979 875 1032 ἐν
891 996 960 1033 τοι

157 1052 270 1133 χοόνασι
297 1053 430 1132 ἀπέταμον
455 1054 489 1114 τό
516 1061 613 1131 σκέλεα.
651 1054 804 1136 Φαρνούχης
824 1060 872 1133 μὲν
893 1080 956 1116 omn

157 1135 340 1217 παρελόθη
310 1162 355 1211 της
365 1139 507 1216 ἡγεμονίης.

220 1229 264 1281 89.
288 1223 346 1280 Ίίόν
363 1225 392 1280 δὲ
408 1221 531 1299 τριηρεων
549 1219 851 1300 ἆριθμὸςμένίχίνετο“
837 1218 904 1280 επτόι
916 1247 950 1281 κα

157 1302 289 1376 διηκόσιαι
301 1328 346 1363 και
336 1306 442 1378 χίλιαι,
456 1308 611 1383 παρείχοντο
626 1305 698 1365 δί’
668 1302 750 1369 αυτός
761 1306 824 1373 αι’δε,
845 1307 948 1362 Φοίνικι

156 1391 203 1472 μίν
221 1385 271 1447 σόν
289 1391 408 1465 Σαιρίοισι
429 1395 498 1449 τοῖσι
519 1394 546 1447 ἐν
567 1414 600 1466 τη
587 1390 781 1463 Παλαιστίνη
803 1391 953 1464 τριηκοσίας

158 1461 209 1529 οἶδε
222 1475 415 1547 ἐσκευασμένοι·
437 1475 498 1549 περι
513 1476 560 1548 μὲν
573 1471 634 1548 τῇσι
646 1469 774 1569 κρφαλῇσι
786 1475 877 1537 κυνέας
890 1467 945 1544 είχο

159 1552 296 1630 ἇχχοτότω
310 1559 483 1629 πεποιημένας
495 1552 595 1631 τρόπον
607 1550 654 1610 τόν
664 1548 814 1623 Ἑλληνικὸν,
827 1551 946 1655 ἐνδεδφκό

157 1660 199 1703 τες
216 1640 245 1695 δι’
261 1635 389 1714 θώρηκας
406 1642 514 1703 λινέους,
537 1633 654 1698 ἀσπίδας
671 1634 733 1691 δί”
717 1657 772 1700 ιτυς
789 1659 836 1695 ουκ
849 1634 947 1710 ἐχοόσα

158 1717 228 1792 εἶχον
240 1722 284 1777 καί
298 1717 410 1779 ἀκόντια.
439 1741 511 1778 ουτοι
529 1716 599 1775 δὲ
573 1739 599 1773 οι
614 1719 728 1782 Φοίνικες
744 1716 776 1776 τὸ
793 1718 944 1779 παλαιόν’
919 1728 959 1781 οι’-

158 1824 229 1872 κεον,
249 1800 284 1870 ὦς
298 1827 373 1861 αυτοι
363 1804 501 1879 λέγουσι,
523 1797 608 1855 ἐπι
577 1821 609 1874 τη
619 1795 739 1905 Ἐρυθρῇ
753 1801 898 1904 θαλόσσρ,
918 1809 947 1862 ἐν

159 1886 255 1944 θεότεν
267 1887 294 1944 δὲ
305 1881 503 1962 όκερβόντις
473 1904 518 1952 της
531 1882 665 1958 Συρίης
640 1887 752 1942 οικέουσι
764 1883 798 1943 τό
804 1884 889 1993 παρὰ
901 1884 959 1946 θό-

159 1969 318 2027 λασσαν·
287 1993 333 2041 της
342 1971 369 2028 δὲ
377 1970 472 2043 ὶᾞνρίης
485 1987 563 2023 τουτο
575 1962 607 2023 τὸ
617 1968 714 2044 χωρίον
726 1970 771 2026 καί
784 1967 814 2027 τὸ
826 1974 900 2047 μέχρι
909 1969 959 2028 At·

160 2050 262 2128 χόπτου
278 2054 334 2111 πόν
350 2052 515 2120 Παλαιστίνη
533 2051 656 2107 καλέεται.
698 2048 839 2126 Αλχόπτιοι
857 2054 885 2110 δὲ
902 2056 960 2112 νία

159 2140 315 2212 παρείχοντο
329 2135 468 2205 διηκοσίας.
497 2133 570 2189 ουτοι
581 2133 609 2190 δὲ
626 2128 697 2205 εἶχον
713 2135 774 2210 περὶ
786 2138 833 2210 μὲν
844 2158 906 2211 τησι
918 2158 947 2195 κε

160 2220 261 2296 φαλῆσι
277 2214 374 2295 κρίνεα
393 2210 516 2290 χηλευτό,
540 2211 654 2282 όισπίδας
672 2216 700 2274 δι’
721 2220 820 2286 κοίλας,
842 2214 890 2284 τός
907 2222 923 2276 ί
935 2249 960 2277 2⁴

160 2300 276 2378 μεγάλας
291 2296 413 2374 ἐχοίσας,
434 2300 480 2358 και
503 2295 604 2376 δόρατά
621 2323 649 2358 τε
666 2295 789 2374 ναόμαχα
806 2302 851 2358 καί
868 2298 926 2359 τόκι
947 2336 949 2340 f

159 2382 295 2462 μεχόλους.
321 2379 352 2443 τὸ
380 2385 409 2442 δὲ
435 2383 541 2456 πλῆθος
562 2378 649 2440 αότῶν
669 2374 897 2486 θωρηκοφόροι
880 2407 959 2457 ησαν,

160 2471 292 2544 μαχαίρας
305 2469 333 2526 δὲ
345 2465 459 2543 μεγάλας
472 2454 596 2538 εἶχον.
564 2489 637 2524 ουτοι
648 2469 695 2542 μὲν
707 2461 774 2524 οότω
788 2465 952 2568 ἐσταλόδατο
