1920 2978
108 112 144 164 78
403 114 608 164 HERODOTI

109 218 253 300 πρόσχημα
269 224 315 298 μέν
331 219 482 297 ποιεύμενος
499 220 534 288 ὦς
555 219 597 280 ἐπ’
615 218 733 294 Ἀθήνας
753 220 863 292 ἐλαόνει,
888 230 916 284 έν

109 303 162 380 νόφ
175 307 204 363 δέ
217 306 281 378 ἒγων
294 305 386 363 πᾶσαν
398 302 445 377 τὴν
455 303 564 363 Ἐλλάδα
577 301 619 362 ὑπ’
635 305 720 380 ἑωυτῷ
732 303 914 378 ποιήσασθαι.

111 387 146 447 σό
159 391 187 447 δὲ
199 385 323 464 δυνάμιός
335 412 363 447 τε
376 387 443 461 η’κεις
456 387 568 466 μεγάλης
572 430 580 457 ,
598 390 643 446 κοιλ
654 387 735 466 μοῖρά
747 412 788 448 τοι
801 389 847 462 τῆς
858 388 913 448 Ἐλ-

110 467 190 539 λάδος
208 468 254 530 αὖε
273 474 393 544 ἐλαχίστη
411 475 476 548 μέτα
494 469 602 548 όρχοντὶ
617 494 648 548 γε
664 475 793 544 Σικελέης·
817 470 916 547 βοήθει

110 579 138 614 τε
160 561 230 615 τοῖσι
252 556 423 632 ἐλευθεροῦσι
446 553 493 629 τὴν
511 552 632 623 Ἑλλάδα,
653 556 699 614 καλ
715 558 913 635 συνελευθέρου.

111 637 172 710 ἁλὴς
184 635 297 715 μὲνγὰρ
310 642 429 715 γινομένη
447 638 526 697 πᾶσα
543 635 656 710 ἥἙλλός
666 639 724 716 χεὶρ
736 636 835 715 μεγόλη
848 662 912 699 συν-
941 644 945 649 ’

111 719 203 798 όγεται
222 722 267 779 και
288 718 428 798 ἀξιόμαχοι
449 719 583 799 γινόμεθα
600 746 669 781 τοισι
692 722 810 782 ἐπιοῦσι·
835 745 869 795 ην
886 724 915 782 δέ

108 803 209 906 ἡμέων
204 805 286 881 οἱμὲν
298 804 534 909 καταπροδιδῶσι,
535 829 561 864 οι
551 806 643 863 (δέ
613 828 648 882 μη
661 809 763 864 θέλωσι
775 809 913 884 τιμωρέειν,

108 912 140 948 τε
130 885 209 946 δέ
195 893 314 965 υγιαῖνον
326 888 372 962 τῆς
382 877 534 967 Ἑλλόδσςῇ
549 886 643 965 όλέγον,
661 889 740 949 τοῦτο
756 891 784 948 δέ
796 886 846 963 ηδη
860 892 912 948 δει-

108 970 155 1031 νόν
174 976 272 1048 γίνεται
287 970 323 1050 μέγ
341 977 408 1079 πέσῃ
426 972 504 1032 πόσα
522 997 539 1045 η
554 970 648 1039 Ελλός.
675 996 711 1050 μη
729 970 782 1051 γὰρ
800 976 914 1051 έλιιίσης,

107 1054 140 1127 ἢν
153 1054 233 1132 ἧμεας
243 1061 458 1134 καταστρέψηται
470 1055 485 1115 ὃ
499 1059 605 1134 Πέρσης
621 1052 693 1134 μάχῃ
711 1052 856 1158 κρατήσας,
879 1079 915 1122 ως

108 1137 166 1198 οιίκι
156 1137 233 1210 η’ξει
245 1137 321 1242 πριρόι
335 1144 367 1197 σέ
377 1161 421 1215 γε,
444 1137 509 1197 ἀλλὰ
521 1137 576 1215 πρὸ
589 1136 684 1199 τοότοιι
696 1137 819 1242 φόλαξαι.
847 1139 913 1214 βεη-

107 1227 181 1281 θέειν
194 1220 246 1299 γὰρ
260 1219 321 1297 ημῖν
334 1220 438 1295 σεωυτῷ
451 1225 590 1298 τιμωρέεις·
608 1245 646 1298 τῳ
632 1222 691 1280 δέ
703 1246 734 1284 ευ
718 1212 915 1296 βουλευθέντι

107 1303 240 1383 πρήγματι
256 1300 396 1376 τελευτὴ
376 1324 411 1370 ως
428 1300 461 1363 τό
479 1308 575 1363 έιιλπαν
594 1327 696 1383 χρηστη
719 1308 805 1366 έθιλει
827 1309 912 1383 ἐπιγλ-

107 1395 215 1448 νεσθαι.

169 1479 229 1531 158.
254 1473 286 1533 Οἱ
297 1476 344 1550 μέν
356 1471 440 1533 ταῦτα
453 1473 547 1550 ἔλεγον,
562 1431 647 1533 Γέλων
659 1475 687 1534 δέ
699 1471 794 1540 πολλὸς
807 1477 913 1534 ἐνέκειτο

107 1561 186 1634 λέγων
199 1553 299 1615 τοιάδε·
314 1552 436 1633 Ανδρες“
430 1562 546 1629 Ελληνες,
555 1554 665 1656 λόγον”
648 1579 748 1629 εχοντες
761 1560 914 1630 πλεονέκτην

107 1636 294 1715 έιολμησατε’
282 1643 325 1715 εμέ
343 1637 481 1716 σόμμαχον
503 1641 546 1698 έπῖ
561 1636 609 1740 τόγ
630 1637 767 1717 βάρβαρον
786 1664 912 1719 παρακα·

108 1727 206 1790 λέοντες
219 1727 314 1782 ἐλθεῖν.
343 1720 417 1782 αἰσοι
408 1724 464 1782 δέ
477 1722 536 1801 ἐμευ
548 1718 678 1801 πρότερον
691 1724 831 1795 δεηθέντος
845 1725 912 1803 βαρ-

109 1806 219 1884 βαρικοῦ
232 1830 349 1885 στραταιι
363 1803 622 1886 συνεπόιμασθαι,“’
608 1830 651 1867 ατε
663 1831 708 1885 μοι
720 1805 787 1885 πρός
800 1818 912 1886 Καρχη-

110 1894 211 1958 δονίους
223 1896 306 1958 νεῖκος
323 1892 451 1993 σονῆπτρ,
474 1889 678 1964 ἐπισκήπτοντός
694 1915 722 1951 τε
739 1889 787 1951 τόν
799 1895 919 1970 Δωριέος

108 1998 157 2032 του
143 1971 370 2053 Αναξανδρλδεω
383 1974 449 2052 πρὸς
456 1972 613 2053 Ἐγεσταίων
625 1973 708 2052 φόνον
717 1971 914 2081 εκπργῇξασθαι,

108 2055 287 2124 υποτελνοντός
300 2081 328 2117 τε
345 2055 380 2116 τόι
392 2057 505 2136 ἐμπόρια
519 2056 753 2138 συνελευθεροόν
739 2057 788 2117 απ’
804 2062 841 2118 ὠν
853 2065 914 2136 υμιν

108 2136 219 2217 μεγάλαι
231 2136 338 2214 ὠφελέει
350 2165 379 2200 τε
391 2144 436 2200 καλ
453 2147 603 2219 ἐπαυρέσιες
617 2141 756 2220 γεγόνασι,
779 2139 839 2201 τότε
852 2140 914 2220 ἔμεό

108 2246 193 2282 εινεκα
204 2248 222 2297 η
210 2219 301 2283 ’λθετε
312 2223 540 2331 ρλαηθησοντες”
507 2250 566 2286 ουτε
582 2224 629 2286 τόν
642 2228 755 2303 Δωριέος
773 2222 857 2325 φόνον
870 2232 912 2284 έκ-

107 2304 272 2414 πρηξόμεγσι,
289 2306 321 2367 τό
335 2333 363 2367 τε
375 2307 434 2368 κατ’
432 2308 530 2413 ὑμέας
543 2307 636 2368 τόδε”
619 2331 725 2367 απαντα
738 2306 792 2367 θιιο
782 2305 909 2386 βαρβό·

107 2415 178 2468 ροισι
199 2394 307 2490 νέμετριι
335 2389 392 2451 ἇλλ
417 2383 447 2451 τό
468 2391 521 2471 γὰρ
543 2415 604 2470 ημιν
624 2416 669 2451 και
659 2389 778 2450 έπλ
751 2416 783 2452 τσ
805 2389 911 2502 όμεινρν

107 2478 225 2547 κατέστη.
251 2475 298 2534 νόν
312 2477 340 2534 δέ
352 2475 439 2548 ἐπειδη
452 2474 650 2552 περιελήλυθε(
635 2500 651 2536 σ
662 2473 775 2554 πόλεμος
786 2479 832 2535 καλ
844 2474 908 2536 ἇπῖ-

97 2557 231 2621 ‘HM‘
213 2561 300 2633 νμελις,
315 2557 385 2621 οὕτω
398 2557 430 2633 δη
444 2564 558 2665 Γέλωνος
567 2560 677 2663 μνῆστις
689 2564 787 2638 γέγονε.
810 2558 911 2663 ἇτιμλης

53 2634 250 2752 &am
229 2647 319 2719 251⁴ch
343 2643 469 2731 κυρήσας
492 2642 541 2711 οιίκ
567 2641 735 2783 δμυεέισομαι
754 2666 835 2723 υμιν,
858 2640 910 2700 uu*
