1920 2978
190 192 193 194 ·
216 176 288 222 LIB.
310 175 375 223 VH.
403 176 481 224 GAP.
503 171 537 223 22
551 199 592 210 -
606 169 648 223 26.
837 173 870 226 19

70 275 206 359 φροσίινης
217 281 301 338 εἱνεκα
315 277 381 338 υίιτίι
395 284 489 357 Ξέρξης
506 277 629 356 ὃρόσσειν
647 285 753 351 ἐκέλευε,
774 288 872 342 έθέλων

68 385 99 423 τε
121 359 231 436 δόναμιν
253 359 463 422 άποδείκνυσθαι
487 364 532 421 καὶ
552 359 706 464 μνημόσρνα
728 370 871 425 λιπέσθαι·

68 442 173 551 πριρεόν
195 443 248 521 γάρ
268 448 365 522 μηδένα
385 443 469 504 πόνον
490 444 666 520 λαβόντας
639 470 686 506 τον
704 446 853 548 ἰσθμόν
825 474 872 515 τας

68 533 129 595 νέας
143 526 318 606 διειράσαι,’
305 526 427 630 ορόσσεικ
445 533 538 587 ἐκέλευε
555 526 719 605 διώρυχα
688 553 720 606 τη
737 529 870 608 θαλάσσῃ

68 601 146 688 εὖρος
160 609 195 677 ὦς
207 608 256 670 διἰο
268 609 387 688 τριήρεας
399 610 511 670 πλέον’
496 635 563 689 ομου
551 613 784 690 ἐλαστρευμένας.
803 621 872 673 τοῖσι

64 691 145 752 »δὲ
112 700 217 752 αυτοίσι
232 692 359 763 τοότοισι,
376 700 446 754 τολσί
456 697 565 772 περκαὶ
576 692 606 754 τό
620 691 731 772 ὄρυγμα,
745 702 869 774 προσετέ-

68 800 150 862 τακτο
163 801 209 835 και
221 775 268 836 τὸν
276 775 414 882 Στρυμόνα
426 776 602 878 πρταμόνευ
561 783 602 846 ζευ
593 774 698 846 ’ξαντας
710 781 870 857 γεφυρῶσαι

133 866 174 919 25.
198 861 287 918 Ταίπα
300 865 346 936 μέν
361 883 408 919 νυν
421 859 490 920 σάτω
506 865 596 920 ἐποίεε.
623 860 831 939 παρεσκευάζετο
843 865 871 921 δέ

67 965 113 999 και
104 940 197 1002 ὅπλα
212 941 278 1008 ἐς
249 965 297 1008 τας
310 941 426 1020 γεφόρας
439 940 545 1018 βόβλινά
558 966 587 1001 τε
599 967 643 1001 και
634 947 803 1013 λευκολίνου,
813 951 868 1003 ἐπι-

67 1023 150 1092 τάξας
167 1029 266 1092 Φοίνιξί
277 1048 305 1083 τε
317 1027 360 1084 καί
374 1027 552 1102 Αἰγυπτίοισι,
569 1027 614 1085 καί
632 1030 701 1084 σιτία
714 1027 747 1102 τῇ
762 1028 869 1104 στρατιῇ

67 1105 249 1182 καταβάλλειν,
267 1105 359 1184 ἵναμὴ
373 1106 481 1184 λιμήνειε
497 1107 513 1181 6
528 1108 635 1186 στρατιὴ
648 1112 712 1185 μηδέ
725 1107 759 1171 τά
772 1108 868 1178 {6036-

67 1215 113 1268 για
128 1188 284 1266 ἐλαυνόμενα
298 1194 340 1250 ἐπί
352 1190 398 1263 τὴν
408 1190 523 1250 Ἑλλάδα.
552 1190 756 1268 ἀναπυθόμενος
769 1195 797 1252 δέ
810 1191 870 1258 τοὺς

65 1272 169 1352 χοίρους
180 1272 347 1349 καταβάλλειν
360 1279 452 1336 υιέλευι
465 1277 509 1333 ἵνα
523 1273 724 1346 ἐπιτηδεότατον
736 1281 783 1347 είη,
793 1273 870 1334 άλλον

67 1355 161 1434 άλλη’
146 1360 294 1433 αγινόοντας
308 1356 399 1418 ὁλκάσι
410 1382 438 1419 τε
450 1359 494 1416 καὶ
506 1361 683 1434 πορθμηίοισι
696 1360 764 1416 ἐκ
734 1381 779 1430 της
784 1357 869 1429 Ασίης

67 1437 252 1514 πανταχόθεν.
281 1439 327 1501 τόν
344 1430 406 1499 δέ
385 1463 421 1498 ων
434 1446 556 1500 πλεῖστον
568 1447 594 1506 ές
606 1438 708 1511 Λευκὴν
716 1438 806 1511 Ἀκτὴν
819 1465 865 1498 κα-

66 1524 234 1600 λυομένην
204 1546 248 1595 της
270 1525 379 1602 Θρηίκης
396 1521 508 1600 ἇγίνεον,
536 1547 562 1581 οι
552 1523 638 1580 δέ’
625 1547 650 1590 ες
654 1520 849 1625 Τυρόδιζαν
822 1545 869 1595 την

66 1609 235 1684 Περινθίων,
256 1630 283 1665 οι
273 1607 354 1666 ’δὲ’
340 1631 365 1673 ες
378 1610 521 1684 Δορίσκον,
544 1629 570 1664 οι
560 1606 608 1664 δέ
620 1603 664 1673 ίς’
662 1604 754 1665 Ηίόνα
767 1604 814 1677 την
826 1607 868 1664 ἐπὶ

65 1686 207 1766 Στρυμόνι,
221 1712 247 1747 οι
237 1690 313 1747 ‘66'
300 1714 324 1756 ις
338 1693 504 1761 Μακεδονίην
517 1691 716 1766 διατεταγμένοι.

130 1778 172 1831 26.
191 1769 233 1830 Ἐν
249 1772 285 1847 τῷ
304 1774 380 1830 δέ’
352 1797 425 1855 ουτοι
441 1770 487 1831 τὸν
504 1776 671 1850 προκείμενον
688 1769 772 1831 πόνον
787 1771 865 1848 έργά-
911 1805 914 1809 ,

65 1861 151 1924 ζοντο,
164 1857 234 1912 έν
204 1851 288 1929 τοόιιρ
302 1879 318 1913 ο
307 1848 441 1924 ’πεζός“’
424 1877 495 1920 απας
509 1853 734 1931 συλλελεγμένος”
716 1879 770 1931 αμα
785 1860 866 1931 Ξέρξη

65 1934 206 2016 έτιορεόετο
227 1943 253 2003 ές
274 1935 384 2014 Σάρδις,
407 1943 434 1994 cx
454 1934 605 2012 Κριτάλλων
628 1936 806 2013 ὁρμηθείς
771 1959 823 1994 των
841 1944 867 1994 ίν

66 2021 261 2098 Καππαδοκίη·
287 2022 407 2079 ένθαίιτα
425 2017 477 2120 γάρ
490 2023 575 2096 εέρητο
589 2024 765 2095 συλλέγεσθαι
777 2017 866 2078 πάντα

65 2104 112 2164 τόν
126 2128 177 2163 κατ
203 2100 308 2181 ίμεειρον
318 2100 472 2182 μέλλοντα“
454 2127 517 2205 αμα
522 2100 591 2178 αότῳ
579 2103 686 2179 Ξέρξη
696 2101 867 2205 πορεβεσθαι

66 2185 190 2266 στραιόν.
218 2185 248 2254 ὃς
265 2191 311 2264 μέν
328 2210 373 2246 νυν
390 2187 441 2246 τῶν
461 2184 587 2264 ὑπάρχων
609 2183 722 2264 στρατὸν
742 2185 866 2246 κάλλιστα

65 2268 251 2347 ίσιαλμένον’
236 2268 345 2347 αγαγὼν
357 2268 391 2329 τά
404 2275 556 2348 προκείμενα
570 2293 645 2348 παρα
635 2268 778 2345 βασιλέος
792 2271 867 2369 ἒλαβε

66 2350 200 2433 δῶρα,’
172 2376 219 2412 ουκ
233 2353 281 2426 έχω
294 2351 408 2431 φράσαι·
431 2351 538 2412 οὐδὲ
508 2377 560 2430 γαρ
575 2351 656 2460 άρχὴν
669 2359 694 2419 ἐς
706 2357 791 2430 κρίσιν
802 2349 864 2451 106-

66 2461 112 2498 του
133 2441 196 2513 πέρι
216 2434 345 2503 ἐλθόντας
365 2433 433 2495 οἶδα.
460 2437 485 2494 οἱ
508 2439 566 2493 δί’
552 2441 607 2494 επεί
620 2458 650 2493 τε
668 2432 846 2536 διαβάντες
820 2457 866 2492 τον
926 2514 929 2519 4

63 2516 136 2580 Ἅλυν
150 2517 271 2596 ποταμὸν
283 2519 457 2597 ὡμίλησαν
426 2544 457 2595 τῃ
474 2524 587 2595 Φρυγίη,
611 2516 644 2576 δι
662 2541 739 2590 αυτης
751 2515 869 2594 πορευό-

68 2627 138 2679 μενοι
156 2607 330 2680 παρεγινοντα
347 2611 373 2670 ἐς
388 2600 565 2673 Κελαινάς,’
553 2627 597 2663 ινα
616 2626 706 2682 πηγαι
691 2600 893 2662 άναδιδουοι

66 2686 221 2761 Μαιαθδρου
233 2688 358 2762 ποταμοῦ
373 2690 420 2747 καί
435 2691 531 2770 ἑτέρου
546 2688 597 2754 οὐκ
614 2683 808 2758 ἐλόσσονοςίη
822 2691 909 2743 Μαι·

630 2783 650 2829 B
673 2788 694 2832 2
733 2821 736 2831 s
